timestamp,best_bid,best_ask,bid_volume,ask_volume,mid_price,spread
1729517476973,67857.9,67858.0,9.348,9.06,67857.95,0.10000000000582077
1729517478033,67857.9,67858.0,10.103,6.608,67857.95,0.10000000000582077
1729517479094,67857.9,67858.0,1.318,19.208,67857.95,0.10000000000582077
1729517480167,67850.0,67850.1,5.656,28.685,67850.05,0.10000000000582077
1729517481227,67832.9,67833.0,2.903,31.323,67832.95,0.10000000000582077
1729517482285,67837.1,67837.4,79.823,2.592,67837.25,0.29999999998835847
1729517483343,67842.8,67842.9,7.455,6.043,67842.85,0.09999999999126885
1729517484402,67849.8,67849.9,3.7190000000000003,13.514999999999999,67849.85,0.09999999999126885
1729517485460,67849.9,67850.0,26.951,5.9959999999999996,67849.95,0.10000000000582077
1729517486521,67862.6,67862.7,27.57,3.9419999999999997,67862.65,0.09999999999126885
1729517487580,67864.0,67864.1,0.749,27.26,67864.05,0.10000000000582077
1729517488640,67879.9,67880.0,25.892999999999997,74.569,67879.95,0.10000000000582077
1729517489700,67879.9,67880.0,7.623,76.96199999999999,67879.95,0.10000000000582077
1729517490758,67879.8,67879.9,17.496000000000002,75.19,67879.85,0.09999999999126885
1729517491817,67879.9,67880.0,25.722,76.519,67879.95,0.10000000000582077
1729517492885,67879.9,67880.0,26.269000000000002,75.56099999999999,67879.95,0.10000000000582077
1729517493947,67879.9,67880.0,4.921,26.599999999999998,67879.95,0.10000000000582077
1729517495007,67862.7,67862.8,4.527,16.872,67862.75,0.10000000000582077
1729517496067,67862.7,67862.8,4.602,14.081000000000001,67862.75,0.10000000000582077
1729517497127,67862.7,67862.8,4.494,13.842,67862.75,0.10000000000582077
1729517498186,67860.0,67860.1,1.8699999999999999,33.386,67860.05,0.10000000000582077
1729517499246,67875.8,67875.9,22.479,1.303,67875.85,0.09999999999126885
1729517500305,67880.8,67880.9,23.644,2.6350000000000002,67880.85,0.09999999999126885
1729517501365,67898.7,67898.8,0.415,21.575,67898.75,0.10000000000582077
1729517502424,67898.7,67898.8,3.6950000000000003,19.883,67898.75,0.10000000000582077
1729517503484,67872.0,67872.1,10.281,11.12,67872.05,0.10000000000582077
1729517504545,67881.6,67881.7,11.3,17.416,67881.65,0.09999999999126885
1729517505604,67876.1,67876.2,9.868,12.333,67876.15,0.09999999999126885
1729517506669,67876.1,67876.2,3.904,12.784,67876.15,0.09999999999126885
1729517507729,67876.1,67876.2,2.826,12.487,67876.15,0.09999999999126885
1729517508789,67872.0,67872.1,8.459,28.745,67872.05,0.10000000000582077
1729517509848,67869.7,67869.8,4.987,27.796,67869.75,0.10000000000582077
1729517510906,67869.7,67869.8,14.626,22.324,67869.75,0.10000000000582077
1729517511965,67869.7,67869.8,4.296,21.433,67869.75,0.10000000000582077
1729517513025,67867.6,67867.7,14.905999999999999,0.889,67867.65,0.09999999999126885
1729517514084,67867.6,67867.7,1.44,14.25,67867.65,0.09999999999126885
1729517515143,67850.0,67850.1,90.01,22.319,67850.05,0.10000000000582077
1729517516202,67838.1,67838.2,17.838,12.449,67838.15,0.09999999999126885
1729517517262,67855.8,67855.9,9.673,7.6,67855.85,0.09999999999126885
1729517518320,67864.8,67864.9,10.537999999999998,13.681999999999999,67864.85,0.09999999999126885
1729517519378,67874.2,67874.3,21.863,8.22,67874.25,0.10000000000582077
1729517520438,67876.1,67876.2,1.608,16.271,67876.15,0.09999999999126885
1729517521498,67859.3,67859.4,7.526000000000001,22.797,67859.35,0.09999999999126885
1729517522556,67859.3,67859.4,2.968,22.136000000000003,67859.35,0.09999999999126885
1729517523618,67854.7,67854.8,12.523,0.841,67854.75,0.10000000000582077
1729517524677,67854.7,67854.8,11.988999999999999,2.8569999999999998,67854.75,0.10000000000582077
1729517525734,67860.2,67860.3,32.174,5.385000000000001,67860.25,0.10000000000582077
1729517526794,67869.7,67869.8,22.841,8.393,67869.75,0.10000000000582077
1729517527854,67860.0,67860.1,29.383,19.851,67860.05,0.10000000000582077
1729517528914,67860.0,67860.1,28.564,17.476,67860.05,0.10000000000582077
1729517529975,67860.0,67860.1,28.122,14.019,67860.05,0.10000000000582077
1729517531033,67860.0,67860.1,27.651,14.349,67860.05,0.10000000000582077
1729517532094,67860.0,67860.1,27.708000000000002,16.916,67860.05,0.10000000000582077
1729517533154,67860.0,67860.1,27.793,14.931000000000001,67860.05,0.10000000000582077
1729517534214,67861.4,67861.5,29.993,19.895,67861.45,0.10000000000582077
1729517535274,67850.1,67850.2,1.05,32.26,67850.15,0.09999999999126885
1729517536334,67843.0,67843.1,1.801,80.983,67843.05,0.10000000000582077
1729517537392,67829.7,67829.8,13.373000000000001,13.362,67829.75,0.10000000000582077
1729517538452,67833.8,67833.9,1.139,17.886,67833.85,0.09999999999126885
1729517539510,67833.8,67833.9,10.661,11.397,67833.85,0.09999999999126885
1729517540570,67833.8,67833.9,5.167000000000001,13.978,67833.85,0.09999999999126885
1729517541631,67813.0,67813.1,7.526999999999999,15.472999999999999,67813.05,0.10000000000582077
1729517542690,67807.2,67807.3,12.903,8.818,67807.25,0.10000000000582077
1729517543748,67807.2,67807.3,5.821,15.194,67807.25,0.10000000000582077
1729517544809,67806.8,67806.9,6.704999999999999,21.752,67806.85,0.09999999999126885
1729517545868,67806.8,67806.9,3.5660000000000003,21.931,67806.85,0.09999999999126885
1729517546927,67805.0,67805.1,17.323,28.36,67805.05,0.10000000000582077
1729517547987,67806.9,67807.0,25.778,17.156,67806.95,0.10000000000582077
1729517549049,67806.9,67807.0,22.55,10.142,67806.95,0.10000000000582077
1729517550108,67806.9,67807.0,22.27,3.539,67806.95,0.10000000000582077
1729517551168,67800.1,67800.2,41.563,8.011,67800.15,0.09999999999126885
1729517552230,67780.0,67780.1,15.347,5.093,67780.05,0.10000000000582077
1729517553291,67778.5,67778.6,11.01,11.88,67778.55,0.10000000000582077
1729517554351,67772.3,67772.4,10.247,14.546999999999999,67772.35,0.09999999999126885
1729517555411,67776.2,67776.3,20.179,11.305,67776.25,0.10000000000582077
1729517556472,67772.3,67772.4,8.533,12.542,67772.35,0.09999999999126885
1729517557534,67791.7,67791.8,20.839,6.106999999999999,67791.75,0.10000000000582077
1729517558594,67769.2,67769.3,2.492,38.072,67769.25,0.10000000000582077
1729517559656,67780.0,67780.1,37.513,7.475,67780.05,0.10000000000582077
1729517560718,67780.0,67780.1,33.891,8.786,67780.05,0.10000000000582077
1729517561777,67780.0,67780.1,32.692,9.451,67780.05,0.10000000000582077
1729517562837,67780.0,67780.1,32.297,8.395999999999999,67780.05,0.10000000000582077
1729517563897,67780.0,67780.1,29.471,13.895,67780.05,0.10000000000582077
1729517565058,67794.0,67794.1,131.172,1.7429999999999999,67794.05,0.10000000000582077
1729517566117,67815.3,67815.4,14.328000000000001,4.665,67815.35,0.09999999999126885
1729517567176,67815.3,67815.4,11.847,6.381,67815.35,0.09999999999126885
1729517568234,67820.3,67820.4,12.272,2.6310000000000002,67820.35,0.09999999999126885
1729517569295,67819.6,67819.7,8.719,28.037,67819.65,0.09999999999126885
1729517570354,67825.6,67825.7,16.041,13.153,67825.65,0.09999999999126885
1729517571412,67826.4,67826.5,34.436,1.49,67826.45,0.10000000000582077
1729517572470,67830.9,67831.0,14.234,16.762,67830.95,0.10000000000582077
1729517573530,67825.1,67825.2,1.192,13.690999999999999,67825.15,0.09999999999126885
1729517574591,67826.4,67826.5,17.249,8.161,67826.45,0.10000000000582077
1729517575653,67842.8,67842.9,17.455,2.838,67842.85,0.09999999999126885
1729517576712,67834.3,67834.4,8.493,8.359,67834.35,0.09999999999126885
1729517577772,67834.3,67834.4,8.961,2.294,67834.35,0.09999999999126885
1729517578833,67850.0,67850.1,5.87,16.434,67850.05,0.10000000000582077
1729517579893,67853.4,67853.5,4.646,11.385,67853.45,0.10000000000582077
1729517580953,67850.1,67850.2,2.229,15.75,67850.15,0.09999999999126885
1729517582013,67853.8,67853.9,13.694,7.99,67853.85,0.09999999999126885
1729517583073,67860.8,67860.9,37.797,2.562,67860.85,0.09999999999126885
1729517584133,67863.8,67863.9,34.628,0.877,67863.85,0.09999999999126885
1729517585195,67863.8,67863.9,15.249,6.433999999999999,67863.85,0.09999999999126885
1729517586255,67865.1,67865.2,2.669,20.731,67865.15,0.09999999999126885
1729517587316,67865.1,67865.2,8.475,8.99,67865.15,0.09999999999126885
1729517588384,67869.9,67870.0,32.009,0.739,67869.95,0.10000000000582077
1729517589444,67881.0,67881.1,2.132,13.417,67881.05,0.10000000000582077
1729517590504,67887.3,67887.4,24.522,2.09,67887.35,0.09999999999126885
1729517591566,67895.2,67895.3,11.991999999999999,6.657,67895.25,0.10000000000582077
1729517592625,67887.3,67887.4,3.734,28.291999999999998,67887.35,0.09999999999126885
1729517593685,67870.8,67870.9,0.536,19.405,67870.85,0.09999999999126885
1729517594750,67863.9,67864.0,8.118,12.774,67863.95,0.10000000000582077
1729517595809,67858.3,67858.4,0.617,16.602,67858.35,0.09999999999126885
1729517596869,67850.7,67850.8,8.187,11.471,67850.75,0.10000000000582077
1729517597929,67850.7,67850.8,28.516000000000002,6.401000000000001,67850.75,0.10000000000582077
1729517598987,67844.0,67844.1,0.462,32.247,67844.05,0.10000000000582077
1729517600047,67844.0,67844.1,0.394,26.171,67844.05,0.10000000000582077
1729517601106,67840.2,67840.3,6.882,8.473,67840.25,0.10000000000582077
1729517602167,67816.5,67816.6,1.313,21.345,67816.55,0.10000000000582077
1729517603228,67822.4,67822.5,0.953,14.446,67822.45,0.10000000000582077
1729517604289,67819.2,67819.3,21.236,3.4240000000000004,67819.25,0.10000000000582077
1729517605349,67819.2,67819.3,20.32,6.493,67819.25,0.10000000000582077
1729517606409,67819.2,67819.3,17.702,6.8309999999999995,67819.25,0.10000000000582077
1729517607470,67819.2,67819.3,9.87,7.702,67819.25,0.10000000000582077
1729517608530,67811.8,67811.9,1.367,33.88,67811.85,0.09999999999126885
1729517609590,67807.2,67807.3,5.158,21.2,67807.25,0.10000000000582077
1729517610650,67800.0,67800.1,7.777,20.229,67800.05,0.10000000000582077
1729517611709,67800.0,67800.1,9.885,1.6219999999999999,67800.05,0.10000000000582077
1729517612771,67808.6,67808.7,17.895,13.245000000000001,67808.65,0.09999999999126885
1729517613832,67808.6,67808.7,9.478,2.5149999999999997,67808.65,0.09999999999126885
1729517614893,67808.6,67808.7,10.225,6.876,67808.65,0.09999999999126885
1729517615953,67801.4,67801.5,7.071000000000001,8.708,67801.45,0.10000000000582077
1729517617014,67803.4,67803.5,14.117,0.385,67803.45,0.10000000000582077
1729517618074,67813.9,67814.0,8.059,8.178,67813.95,0.10000000000582077
1729517619135,67816.6,67816.7,1.065,36.24,67816.65,0.09999999999126885
1729517620196,67816.5,67816.6,2.336,34.344,67816.55,0.10000000000582077
1729517621257,67811.2,67811.3,1.195,29.11,67811.25,0.10000000000582077
1729517622315,67804.4,67804.5,0.761,47.829,67804.45,0.10000000000582077
1729517623374,67804.0,67804.1,8.0,8.003,67804.05,0.10000000000582077
1729517624434,67800.0,67800.1,22.331,26.466,67800.05,0.10000000000582077
1729517625493,67792.3,67792.4,1.082,54.384,67792.35,0.09999999999126885
1729517626551,67786.0,67786.1,7.746,38.893,67786.05,0.10000000000582077
1729517627610,67785.8,67785.9,15.347999999999999,8.581,67785.85,0.09999999999126885
1729517628671,67780.0,67780.1,26.488,10.033,67780.05,0.10000000000582077
1729517629730,67785.7,67785.8,31.136000000000003,2.719,67785.75,0.10000000000582077
1729517630790,67795.6,67795.7,18.654,0.275,67795.65,0.09999999999126885
1729517631850,67796.9,67797.0,3.5759999999999996,7.723999999999999,67796.95,0.10000000000582077
1729517632909,67799.7,67799.8,9.643,3.779,67799.75,0.10000000000582077
1729517633968,67804.6,67804.7,1.923,11.059000000000001,67804.65,0.09999999999126885
1729517635029,67813.4,67813.5,20.067999999999998,5.1049999999999995,67813.45,0.10000000000582077
1729517636089,67813.9,67814.0,24.52,0.399,67813.95,0.10000000000582077
1729517637149,67819.7,67819.8,2.367,10.787,67819.75,0.10000000000582077
1729517638210,67814.0,67814.1,6.807,6.644,67814.05,0.10000000000582077
1729517639271,67801.3,67801.4,4.101,14.202,67801.35,0.09999999999126885
1729517640332,67801.3,67801.4,9.221,8.97,67801.35,0.09999999999126885
1729517641392,67812.9,67813.0,25.918,4.565,67812.95,0.10000000000582077
1729517642453,67817.0,67817.1,9.814,14.785,67817.05,0.10000000000582077
1729517643513,67817.3,67817.4,25.579,7.94,67817.35,0.09999999999126885
1729517644574,67819.7,67819.8,1.458,12.954,67819.75,0.10000000000582077
1729517645634,67819.7,67819.8,13.624,9.3,67819.75,0.10000000000582077
1729517646694,67819.7,67819.8,13.780999999999999,4.558,67819.75,0.10000000000582077
1729517647754,67819.9,67820.0,11.946,11.922,67819.95,0.10000000000582077
1729517648816,67819.9,67820.0,2.926,10.644,67819.95,0.10000000000582077
1729517649877,67819.9,67820.0,11.448,2.815,67819.95,0.10000000000582077
1729517650937,67809.4,67809.5,1.031,39.111,67809.45,0.10000000000582077
1729517651997,67802.8,67802.9,19.398,1.913,67802.85,0.09999999999126885
1729517653057,67807.1,67807.2,23.952,0.129,67807.15,0.09999999999126885
1729517654118,67810.5,67810.6,28.89,1.7910000000000001,67810.55,0.10000000000582077
1729517655184,67810.5,67810.6,28.075000000000003,8.251,67810.55,0.10000000000582077
1729517656245,67810.5,67810.6,8.163,9.127,67810.55,0.10000000000582077
1729517657308,67810.5,67810.6,7.566,9.719000000000001,67810.55,0.10000000000582077
1729517658366,67810.5,67810.6,9.531,2.69,67810.55,0.10000000000582077
1729517659427,67810.5,67810.6,9.543000000000001,10.52,67810.55,0.10000000000582077
1729517660497,67810.5,67810.6,10.309,3.098,67810.55,0.10000000000582077
1729517661557,67824.0,67824.1,22.821,7.543,67824.05,0.10000000000582077
1729517662617,67824.0,67824.1,1.193,11.523000000000001,67824.05,0.10000000000582077
1729517663677,67816.1,67816.2,1.711,28.793,67816.15,0.09999999999126885
1729517664737,67819.7,67819.8,16.143,13.126999999999999,67819.75,0.10000000000582077
1729517665795,67822.5,67822.6,4.955,10.755,67822.55,0.10000000000582077
1729517666857,67822.5,67822.6,7.863,7.316,67822.55,0.10000000000582077
1729517667919,67812.0,67812.1,4.77,30.019,67812.05,0.10000000000582077
1729517668979,67802.0,67802.1,4.524,57.237,67802.05,0.10000000000582077
1729517670040,67800.0,67800.1,4.607,14.362,67800.05,0.10000000000582077
1729517671102,67762.0,67762.1,7.3,8.323,67762.05,0.10000000000582077
1729517672162,67762.0,67762.1,6.981,7.121,67762.05,0.10000000000582077
1729517673222,67765.4,67765.5,4.687,9.423,67765.45,0.10000000000582077
1729517674282,67766.7,67766.8,24.092000000000002,6.151,67766.75,0.10000000000582077
1729517675343,67751.0,67751.1,4.173,28.727,67751.05,0.10000000000582077
1729517676402,67755.6,67756.0,60.104,1.3780000000000001,67755.8,0.39999999999417923
1729517677462,67761.0,67761.1,17.325,6.829,67761.05,0.10000000000582077
1729517678521,67761.0,67761.1,15.415999999999999,8.475,67761.05,0.10000000000582077
1729517679584,67765.4,67765.5,1.015,7.464,67765.45,0.10000000000582077
1729517680644,67753.0,67753.1,8.007,13.578999999999999,67753.05,0.10000000000582077
1729517681705,67751.0,67751.1,10.951,8.073,67751.05,0.10000000000582077
1729517682765,67756.3,67756.4,6.499,8.671,67756.35,0.09999999999126885
1729517683824,67736.1,67736.2,5.82,15.318,67736.15,0.09999999999126885
1729517684883,67727.8,67727.9,0.872,29.11,67727.85,0.09999999999126885
1729517685942,67726.0,67726.1,5.524,10.02,67726.05,0.10000000000582077
1729517687000,67736.9,67737.0,12.148,2.21,67736.95,0.10000000000582077
1729517688060,67745.8,67745.9,10.232000000000001,3.35,67745.85,0.09999999999126885
1729517689120,67755.0,67755.1,11.193999999999999,3.933,67755.05,0.10000000000582077
1729517690180,67758.8,67758.9,5.528,10.189,67758.85,0.09999999999126885
1729517691239,67776.9,67777.0,3.4979999999999998,22.424,67776.95,0.10000000000582077
1729517692297,67766.5,67766.6,7.917,8.773,67766.55,0.10000000000582077
1729517693356,67768.2,67768.3,23.477999999999998,4.376,67768.25,0.10000000000582077
1729517694415,67771.8,67771.9,14.878,2.625,67771.85,0.09999999999126885
1729517695476,67775.8,67775.9,0.912,8.264,67775.85,0.09999999999126885
1729517696535,67747.9,67748.0,4.142,84.34,67747.95,0.10000000000582077
1729517697596,67753.0,67753.1,7.394,11.643,67753.05,0.10000000000582077
1729517698655,67756.7,67756.8,13.995000000000001,7.481,67756.75,0.10000000000582077
1729517699714,67759.0,67759.1,19.324,5.513,67759.05,0.10000000000582077
1729517700773,67753.0,67753.1,6.249,12.373,67753.05,0.10000000000582077
1729517701834,67753.0,67753.1,4.761,12.872,67753.05,0.10000000000582077
1729517702895,67750.1,67750.2,4.7,23.025000000000002,67750.15,0.09999999999126885
1729517703954,67745.9,67746.0,14.113,5.747,67745.95,0.10000000000582077
1729517705016,67745.9,67746.0,2.142,10.824,67745.95,0.10000000000582077
1729517706077,67740.1,67740.2,14.1,2.975,67740.15,0.09999999999126885
1729517707139,67740.1,67740.2,18.528,4.123,67740.15,0.09999999999126885
1729517708200,67743.5,67743.6,16.455000000000002,6.856,67743.55,0.10000000000582077
1729517709261,67755.9,67756.0,8.036999999999999,17.068,67755.95,0.10000000000582077
1729517710322,67750.0,67750.1,1.248,7.646,67750.05,0.10000000000582077
1729517711383,67743.6,67743.7,7.099,25.669,67743.65,0.09999999999126885
1729517712445,67760.9,67761.0,82.017,0.8089999999999999,67760.95,0.10000000000582077
1729517713506,67763.1,67763.2,8.348,5.465999999999999,67763.15,0.09999999999126885
1729517714567,67762.0,67762.1,2.831,20.534000000000002,67762.05,0.10000000000582077
1729517715625,67753.1,67753.2,5.837,8.221,67753.15,0.09999999999126885
1729517716685,67729.2,67729.3,12.906,3.014,67729.25,0.10000000000582077
1729517717744,67735.5,67735.6,9.78,11.68,67735.55,0.10000000000582077
1729517718809,67749.9,67750.0,0.6749999999999999,7.545,67749.95,0.10000000000582077
1729517719869,67749.9,67750.0,4.154,10.229,67749.95,0.10000000000582077
1729517720927,67740.2,67740.3,2.692,76.939,67740.25,0.10000000000582077
1729517721986,67730.0,67730.1,8.111,10.01,67730.05,0.10000000000582077
1729517723048,67722.7,67722.8,6.705,17.534,67722.75,0.10000000000582077
1729517724106,67718.0,67718.1,13.342,14.832,67718.05,0.10000000000582077
1729517725165,67718.0,67718.1,10.352,10.642000000000001,67718.05,0.10000000000582077
1729517726226,67713.0,67713.1,0.727,42.658,67713.05,0.10000000000582077
1729517727286,67700.0,67700.1,39.155,30.884,67700.05,0.10000000000582077
1729517728346,67688.3,67688.4,11.562000000000001,8.126000000000001,67688.35,0.09999999999126885
1729517729405,67681.8,67681.9,8.612,8.969,67681.85,0.09999999999126885
1729517730464,67690.8,67690.9,4.495,8.474,67690.85,0.09999999999126885
1729517731524,67675.0,67675.1,12.526,7.153,67675.05,0.10000000000582077
1729517732586,67681.8,67681.9,32.097,0.419,67681.85,0.09999999999126885
1729517733644,67687.2,67687.3,7.85,8.777,67687.25,0.10000000000582077
1729517734703,67669.9,67670.0,106.857,9.868,67669.95,0.10000000000582077
1729517735764,67669.9,67670.0,107.69800000000001,8.701,67669.95,0.10000000000582077
1729517736824,67683.0,67683.1,4.35,12.265,67683.05,0.10000000000582077
1729517737883,67687.1,67687.2,11.485,2.876,67687.15,0.09999999999126885
1729517738942,67693.9,67694.0,5.859,7.1370000000000005,67693.95,0.10000000000582077
1729517740000,67684.3,67684.4,10.388,10.15,67684.35,0.09999999999126885
1729517741061,67684.3,67684.4,8.08,10.032,67684.35,0.09999999999126885
1729517742120,67683.0,67683.1,0.6679999999999999,31.342,67683.05,0.10000000000582077
1729517743180,67671.0,67671.1,93.138,17.627,67671.05,0.10000000000582077
1729517744239,67668.0,67668.1,76.935,22.564,67668.05,0.10000000000582077
1729517745298,67668.0,67668.1,79.311,6.5,67668.05,0.10000000000582077
1729517746360,67687.2,67688.0,76.871,15.374,67687.6,0.8000000000029104
1729517747419,67678.0,67678.1,1.333,15.408999999999999,67678.05,0.10000000000582077
1729517748479,67674.0,67674.1,9.767,8.097,67674.05,0.10000000000582077
1729517749537,67674.0,67674.1,10.086,7.551,67674.05,0.10000000000582077
1729517750596,67674.0,67674.1,12.509,3.851,67674.05,0.10000000000582077
1729517751655,67680.7,67680.8,8.369,4.26,67680.75,0.10000000000582077
1729517752714,67699.9,67700.0,23.479,7.889,67699.95,0.10000000000582077
1729517753774,67699.9,67700.0,12.595,3.061,67699.95,0.10000000000582077
1729517754833,67705.5,67705.6,8.237,13.869,67705.55,0.10000000000582077
1729517755892,67705.5,67705.6,9.11,2.846,67705.55,0.10000000000582077
1729517756951,67705.5,67705.6,6.241,9.495,67705.55,0.10000000000582077
1729517758010,67703.8,67703.9,18.534,9.566,67703.85,0.09999999999126885
1729517759071,67674.0,67674.1,11.27,13.256,67674.05,0.10000000000582077
1729517760132,67674.0,67674.1,12.107,5.848,67674.05,0.10000000000582077
1729517761192,67693.9,67694.0,11.350000000000001,9.112,67693.95,0.10000000000582077
1729517762253,67693.9,67694.0,6.517,9.26,67693.95,0.10000000000582077
1729517763312,67693.9,67694.0,0.319,9.851,67693.95,0.10000000000582077
1729517764373,67676.9,67677.0,12.870999999999999,3.114,67676.95,0.10000000000582077
1729517765434,67691.2,67691.3,1.039,11.655999999999999,67691.25,0.10000000000582077
1729517766494,67684.0,67684.1,11.133000000000001,1.337,67684.05,0.10000000000582077
1729517767555,67682.1,67682.2,7.699,19.206,67682.15,0.09999999999126885
1729517768616,67674.0,67674.1,9.907,25.402,67674.05,0.10000000000582077
1729517769675,67674.0,67674.1,14.783000000000001,5.878,67674.05,0.10000000000582077
1729517770738,67677.9,67678.0,31.825000000000003,1.751,67677.95,0.10000000000582077
1729517771800,67674.0,67674.1,2.572,26.562,67674.05,0.10000000000582077
1729517772859,67670.4,67670.5,79.376,13.818999999999999,67670.45,0.10000000000582077
1729517773917,67670.4,67670.5,84.186,8.151,67670.45,0.10000000000582077
1729517774976,67670.4,67670.5,76.67,11.502,67670.45,0.10000000000582077
1729517776037,67672.8,67672.9,11.682,0.587,67672.85,0.09999999999126885
1729517777096,67677.2,67677.3,17.026,2.364,67677.25,0.10000000000582077
1729517778155,67684.2,67684.3,11.18,1.533,67684.25,0.10000000000582077
1729517779214,67686.0,67686.1,9.815999999999999,2.178,67686.05,0.10000000000582077
1729517780284,67693.0,67693.1,19.772000000000002,7.896,67693.05,0.10000000000582077
1729517781343,67685.6,67685.7,23.976999999999997,7.35,67685.65,0.09999999999126885
1729517782401,67693.9,67694.0,27.17,1.187,67693.95,0.10000000000582077
1729517783460,67710.1,67710.2,17.288999999999998,6.702,67710.15,0.09999999999126885
1729517784518,67714.1,67714.2,21.498,4.401,67714.15,0.09999999999126885
1729517785578,67689.0,67689.1,6.396,26.351,67689.05,0.10000000000582077
1729517786636,67681.9,67682.0,3.174,9.166,67681.95,0.10000000000582077
1729517787696,67680.1,67680.2,4.614,28.046,67680.15,0.09999999999126885
1729517788757,67671.4,67671.5,86.786,10.323,67671.45,0.10000000000582077
1729517789818,67672.3,67672.4,28.058,2.9880000000000004,67672.35,0.09999999999126885
1729517790878,67673.6,67673.7,20.166,7.3759999999999994,67673.65,0.09999999999126885
1729517791940,67673.6,67673.7,11.196,1.43,67673.65,0.09999999999126885
1729517793000,67679.9,67680.0,53.665,0.5860000000000001,67679.95,0.10000000000582077
1729517794061,67679.9,67680.0,9.255,10.36,67679.95,0.10000000000582077
1729517795127,67679.9,67680.0,13.136999999999999,4.037,67679.95,0.10000000000582077
1729517796186,67686.6,67686.7,7.555,4.442,67686.65,0.09999999999126885
1729517797247,67693.2,67693.3,15.645,2.4939999999999998,67693.25,0.10000000000582077
1729517798308,67705.4,67705.5,5.726,20.432000000000002,67705.45,0.10000000000582077
1729517799369,67705.4,67705.5,7.353,2.7479999999999998,67705.45,0.10000000000582077
1729517800430,67711.9,67712.0,6.974,6.9030000000000005,67711.95,0.10000000000582077
1729517801490,67705.4,67705.5,2.6839999999999997,32.784,67705.45,0.10000000000582077
1729517802548,67679.2,67679.4,3.744,10.0,67679.29999999999,0.19999999999708962
1729517803607,67675.1,67675.2,9.485,19.392,67675.15,0.09999999999126885
1729517804667,67668.2,67668.3,13.552,0.949,67668.25,0.10000000000582077
1729517805727,67664.8,67664.9,50.596999999999994,13.631,67664.85,0.09999999999126885
1729517806787,67663.7,67663.8,62.033,1.719,67663.75,0.10000000000582077
1729517807845,67668.2,67668.3,22.512999999999998,0.8109999999999999,67668.25,0.10000000000582077
1729517808905,67677.9,67678.0,26.555,5.257,67677.95,0.10000000000582077
1729517809964,67666.6,67666.7,16.906,31.293,67666.65,0.09999999999126885
1729517811024,67666.6,67666.7,19.278,26.688,67666.65,0.09999999999126885
1729517812083,67666.6,67666.7,18.838,26.26,67666.65,0.09999999999126885
1729517813141,67666.6,67666.7,19.924,25.654,67666.65,0.09999999999126885
1729517814201,67680.4,67680.5,3.008,8.701,67680.45,0.10000000000582077
1729517815261,67696.2,67696.4,80.801,2.062,67696.29999999999,0.19999999999708962
1729517816320,67710.6,67710.7,10.932,8.485999999999999,67710.65,0.09999999999126885
1729517817379,67710.6,67710.7,7.181,8.786,67710.65,0.09999999999126885
1729517818438,67704.1,67704.2,14.796,3.5559999999999996,67704.15,0.09999999999126885
1729517819498,67704.1,67704.2,13.089,3.586,67704.15,0.09999999999126885
1729517820559,67706.9,67707.0,6.412,19.081,67706.95,0.10000000000582077
1729517821618,67706.9,67707.0,7.438,9.341,67706.95,0.10000000000582077
1729517822678,67702.2,67702.3,0.534,17.017,67702.25,0.10000000000582077
1729517823738,67702.2,67702.3,2.815,11.849,67702.25,0.10000000000582077
1729517824797,67702.2,67702.3,5.276,9.562,67702.25,0.10000000000582077
1729517825855,67705.5,67705.6,14.907,9.669,67705.55,0.10000000000582077
1729517826913,67710.2,67710.3,8.106,3.592,67710.25,0.10000000000582077
1729517827972,67715.3,67715.4,3.495,9.196,67715.35,0.09999999999126885
1729517829032,67707.6,67707.7,0.62,124.27,67707.65,0.09999999999126885
1729517830091,67700.9,67701.0,7.571,19.814,67700.95,0.10000000000582077
1729517831151,67700.9,67701.0,9.359,6.212,67700.95,0.10000000000582077
1729517832212,67706.0,67706.1,3.85,13.105,67706.05,0.10000000000582077
1729517833271,67706.0,67706.1,8.3,12.74,67706.05,0.10000000000582077
1729517834334,67692.5,67692.6,7.664000000000001,1.657,67692.55,0.10000000000582077
1729517835392,67692.5,67692.6,10.61,0.983,67692.55,0.10000000000582077
1729517836451,67692.5,67692.6,7.617,5.413,67692.55,0.10000000000582077
1729517837509,67692.5,67692.6,14.017999999999999,7.127000000000001,67692.55,0.10000000000582077
1729517838569,67712.2,67712.3,26.340999999999998,0.543,67712.25,0.10000000000582077
1729517839629,67718.2,67718.3,14.323,2.818,67718.25,0.10000000000582077
1729517840688,67730.7,67730.8,43.8,0.658,67730.75,0.10000000000582077
1729517841748,67732.7,67732.8,2.9770000000000003,10.078,67732.75,0.10000000000582077
1729517842809,67732.6,67732.7,18.315,1.688,67732.65,0.09999999999126885
1729517843870,67732.6,67732.7,11.078000000000001,7.553999999999999,67732.65,0.09999999999126885
1729517844931,67726.0,67726.1,6.6579999999999995,6.667,67726.05,0.10000000000582077
1729517845989,67734.3,67734.4,8.012,4.641,67734.35,0.09999999999126885
1729517847048,67729.3,67729.4,7.5840000000000005,10.869,67729.35,0.09999999999126885
1729517848107,67734.3,67734.4,21.532999999999998,3.366,67734.35,0.09999999999126885
1729517849165,67750.4,67752.7,52.601,5.25,67751.54999999999,2.3000000000029104
1729517850226,67767.1,67767.2,20.307,7.457,67767.15,0.09999999999126885
1729517851284,67756.9,67757.0,13.339,4.922000000000001,67756.95,0.10000000000582077
1729517852343,67756.5,67756.6,5.319,7.814,67756.55,0.10000000000582077
1729517853405,67747.0,67747.1,5.2620000000000005,18.035,67747.05,0.10000000000582077
1729517854463,67747.0,67747.1,7.684,2.368,67747.05,0.10000000000582077
1729517855523,67755.9,67756.0,11.97,4.743,67755.95,0.10000000000582077
1729517856583,67773.9,67774.0,70.297,0.662,67773.95,0.10000000000582077
1729517857643,67789.5,67789.6,8.982,1.736,67789.55,0.10000000000582077
1729517858702,67793.4,67793.5,2.792,10.767999999999999,67793.45,0.10000000000582077
1729517859760,67785.8,67785.9,6.4030000000000005,20.731,67785.85,0.09999999999126885
1729517860819,67793.3,67793.4,53.838,4.014,67793.35,0.09999999999126885
1729517861879,67795.6,67795.7,5.226,12.727,67795.65,0.09999999999126885
1729517862937,67787.0,67787.1,7.317,7.3790000000000004,67787.05,0.10000000000582077
1729517863998,67767.8,67767.9,8.66,4.187,67767.85,0.09999999999126885
1729517865056,67764.3,67764.4,3.637,6.4559999999999995,67764.35,0.09999999999126885
1729517866115,67759.8,67759.9,2.0660000000000003,23.377000000000002,67759.85,0.09999999999126885
1729517867173,67767.8,67767.9,83.889,0.226,67767.85,0.09999999999126885
1729517868234,67768.4,67768.5,6.394,3.4579999999999997,67768.45,0.10000000000582077
1729517869294,67768.4,67768.5,6.286,4.452,67768.45,0.10000000000582077
1729517870354,67768.4,67768.5,5.7250000000000005,9.367,67768.45,0.10000000000582077
1729517871412,67756.6,67756.7,0.571,27.162000000000003,67756.65,0.09999999999126885
1729517872471,67753.0,67753.1,6.871,4.618,67753.05,0.10000000000582077
1729517873530,67753.0,67753.1,5.91,9.164,67753.05,0.10000000000582077
1729517874589,67753.0,67753.1,10.388,11.952,67753.05,0.10000000000582077
1729517875649,67750.1,67750.2,7.9990000000000006,16.931,67750.15,0.09999999999126885
1729517876708,67746.2,67746.3,5.534,6.300999999999999,67746.25,0.10000000000582077
1729517877769,67752.8,67752.9,13.556000000000001,2.521,67752.85,0.09999999999126885
1729517878830,67746.2,67746.3,6.090999999999999,3.336,67746.25,0.10000000000582077
1729517879890,67752.9,67753.0,27.219,1.828,67752.95,0.10000000000582077
1729517880950,67752.9,67753.0,10.433,7.756,67752.95,0.10000000000582077
1729517882012,67753.2,67753.3,54.208,3.7310000000000003,67753.25,0.10000000000582077
1729517883072,67759.3,67759.4,5.1209999999999996,9.286,67759.35,0.09999999999126885
1729517884133,67759.3,67759.4,4.627,9.25,67759.35,0.09999999999126885
1729517885193,67759.3,67759.4,9.387,8.536,67759.35,0.09999999999126885
1729517886254,67759.3,67759.4,5.163,8.366,67759.35,0.09999999999126885
1729517887314,67757.0,67757.1,36.396,24.092000000000002,67757.05,0.10000000000582077
1729517888374,67735.7,67735.8,53.614000000000004,11.475999999999999,67735.75,0.10000000000582077
1729517889432,67735.7,67735.8,52.753,6.978,67735.75,0.10000000000582077
1729517890491,67745.2,67745.3,14.811,9.665000000000001,67745.25,0.10000000000582077
1729517891550,67745.2,67745.3,13.818,2.106,67745.25,0.10000000000582077
1729517892609,67745.2,67745.3,9.593,3.1830000000000003,67745.25,0.10000000000582077
1729517893668,67745.2,67745.3,9.299999999999999,2.954,67745.25,0.10000000000582077
1729517894727,67749.7,67749.8,16.218,8.903,67749.75,0.10000000000582077
1729517895786,67749.7,67749.8,8.931000000000001,9.052,67749.75,0.10000000000582077
1729517896846,67732.2,67732.3,2.162,79.562,67732.25,0.10000000000582077
1729517897904,67715.7,67715.8,0.171,26.521,67715.75,0.10000000000582077
1729517898963,67712.3,67712.4,5.984,9.094,67712.35,0.09999999999126885
1729517900022,67712.3,67712.4,6.462000000000001,4.436,67712.35,0.09999999999126885
1729517901083,67707.0,67707.1,18.203,1.879,67707.05,0.10000000000582077
1729517902142,67707.0,67707.1,17.894000000000002,2.956,67707.05,0.10000000000582077
1729517903204,67707.0,67707.1,1.786,6.175000000000001,67707.05,0.10000000000582077
1729517904264,67682.0,67682.1,8.914,3.066,67682.05,0.10000000000582077
1729517905323,67694.6,67694.7,11.361,5.726999999999999,67694.65,0.09999999999126885
1729517906383,67694.8,67694.9,5.9239999999999995,7.492999999999999,67694.85,0.09999999999126885
1729517907442,67687.5,67687.6,3.0799999999999996,21.174,67687.55,0.10000000000582077
1729517908501,67681.9,67682.0,6.12,7.359,67681.95,0.10000000000582077
1729517909560,67680.0,67680.1,1.0350000000000001,23.09,67680.05,0.10000000000582077
1729517910619,67676.6,67676.7,13.694,10.899000000000001,67676.65,0.09999999999126885
1729517911678,67676.6,67676.7,10.038,10.406,67676.65,0.09999999999126885
1729517912739,67678.6,67678.7,11.466999999999999,8.812,67678.65,0.09999999999126885
1729517913797,67678.6,67678.7,8.091,8.485999999999999,67678.65,0.09999999999126885
1729517914857,67678.6,67678.7,9.337,4.864,67678.65,0.09999999999126885
1729517915916,67678.6,67678.7,8.902,4.585999999999999,67678.65,0.09999999999126885
1729517916976,67678.6,67678.7,7.9639999999999995,5.825,67678.65,0.09999999999126885
1729517918038,67678.6,67678.7,7.648000000000001,8.581999999999999,67678.65,0.09999999999126885
1729517919098,67678.6,67678.7,9.414,8.272,67678.65,0.09999999999126885
1729517920158,67687.3,67687.4,9.801,10.14,67687.35,0.09999999999126885
1729517921218,67683.9,67684.0,2.7889999999999997,81.998,67683.95,0.10000000000582077
1729517922276,67682.3,67682.4,8.623000000000001,14.529,67682.35,0.09999999999126885
1729517923335,67682.3,67682.4,14.024000000000001,5.61,67682.35,0.09999999999126885
1729517924394,67681.9,67682.0,10.905,7.886,67681.95,0.10000000000582077
1729517925456,67661.0,67661.1,7.201,25.903,67661.05,0.10000000000582077
1729517926515,67651.5,67651.6,64.129,5.836,67651.55,0.10000000000582077
1729517927575,67673.7,67673.8,24.14,0.399,67673.75,0.10000000000582077
1729517928633,67673.7,67673.8,5.489,7.3580000000000005,67673.75,0.10000000000582077
1729517929692,67683.2,67683.3,13.32,8.255,67683.25,0.10000000000582077
1729517930750,67672.2,67672.3,5.945,8.547,67672.25,0.10000000000582077
1729517931810,67673.3,67673.4,15.869000000000002,1.742,67673.35,0.09999999999126885
1729517932872,67676.9,67677.0,13.916,5.026,67676.95,0.10000000000582077
1729517933931,67676.9,67677.0,9.557,8.738,67676.95,0.10000000000582077
1729517934990,67673.9,67674.0,7.972,24.011,67673.95,0.10000000000582077
1729517936048,67672.3,67672.4,3.523,25.069,67672.35,0.09999999999126885
1729517937107,67671.2,67671.3,6.779999999999999,9.836,67671.25,0.10000000000582077
1729517938165,67661.0,67661.1,7.47,9.546,67661.05,0.10000000000582077
1729517939227,67661.0,67661.1,7.256,8.263,67661.05,0.10000000000582077
1729517940287,67658.9,67659.0,5.746,13.669,67658.95,0.10000000000582077
1729517941347,67664.9,67665.0,10.506,19.037,67664.95,0.10000000000582077
1729517942407,67669.9,67670.0,20.884,4.965,67669.95,0.10000000000582077
1729517943467,67669.9,67670.0,7.89,2.741,67669.95,0.10000000000582077
1729517944525,67684.5,67684.6,15.565999999999999,6.612,67684.55,0.10000000000582077
1729517945584,67684.5,67684.6,8.354000000000001,6.267,67684.55,0.10000000000582077
1729517946642,67684.5,67684.6,7.6850000000000005,7.284,67684.55,0.10000000000582077
1729517947703,67677.7,67677.8,6.801,13.266,67677.75,0.10000000000582077
1729517948762,67675.1,67675.2,9.429,10.696,67675.15,0.09999999999126885
1729517949821,67684.4,67684.5,21.44,5.939,67684.45,0.10000000000582077
1729517950882,67699.2,67699.3,40.196000000000005,1.3719999999999999,67699.25,0.10000000000582077
1729517951941,67709.2,67709.3,21.368,6.781,67709.25,0.10000000000582077
1729517953001,67706.8,67706.9,86.289,1.314,67706.85,0.09999999999126885
1729517954059,67710.9,67711.0,7.027,7.099,67710.95,0.10000000000582077
1729517955118,67716.9,67717.0,7.821000000000001,10.96,67716.95,0.10000000000582077
1729517956178,67732.8,67732.9,0.947,12.605,67732.85,0.09999999999126885
1729517957237,67713.2,67713.3,5.643000000000001,12.193999999999999,67713.25,0.10000000000582077
1729517958296,67702.3,67702.7,0.49300000000000005,13.959,67702.5,0.39999999999417923
1729517959355,67688.6,67688.7,2.801,17.661,67688.65,0.09999999999126885
1729517960415,67688.6,67688.7,11.456,3.289,67688.65,0.09999999999126885
1729517961475,67688.6,67688.7,2.438,15.5,67688.65,0.09999999999126885
1729517962534,67688.6,67688.7,7.531,20.677,67688.65,0.09999999999126885
1729517963594,67700.4,67700.5,9.591000000000001,2.072,67700.45,0.10000000000582077
1729517964654,67704.8,67704.9,19.141,2.177,67704.85,0.09999999999126885
1729517965713,67704.8,67704.9,18.270999999999997,5.523,67704.85,0.09999999999126885
1729517966772,67710.8,67710.9,5.51,5.601,67710.85,0.09999999999126885
1729517967831,67710.8,67710.9,6.473,2.485,67710.85,0.09999999999126885
1729517968891,67705.6,67705.7,9.209000000000001,7.989,67705.65,0.09999999999126885
1729517969950,67705.6,67705.7,8.596,10.277,67705.65,0.09999999999126885
1729517971010,67698.8,67698.9,2.784,14.940999999999999,67698.85,0.09999999999126885
1729517972070,67712.0,67712.1,34.263,2.316,67712.05,0.10000000000582077
1729517973131,67712.0,67712.1,8.551,9.450000000000001,67712.05,0.10000000000582077
1729517974191,67707.6,67707.7,7.011,45.751,67707.65,0.09999999999126885
1729517975252,67695.4,67695.5,3.4930000000000003,26.123,67695.45,0.10000000000582077
1729517976314,67692.0,67692.1,1.33,10.758999999999999,67692.05,0.10000000000582077
1729517977375,67692.0,67692.1,1.387,17.064,67692.05,0.10000000000582077
1729517978435,67689.0,67689.1,7.675,7.297,67689.05,0.10000000000582077
1729517979496,67683.7,67683.8,3.579,25.285,67683.75,0.10000000000582077
1729517980560,67680.0,67680.1,0.572,24.666,67680.05,0.10000000000582077
1729517981620,67678.5,67678.6,0.782,20.061999999999998,67678.55,0.10000000000582077
1729517982679,67665.0,67665.1,2.872,51.407,67665.05,0.10000000000582077
1729517983738,67670.7,67670.9,31.682,2.642,67670.79999999999,0.19999999999708962
1729517984797,67675.9,67676.0,8.443,8.072,67675.95,0.10000000000582077
1729517985857,67675.9,67676.0,5.564,7.132,67675.95,0.10000000000582077
1729517986915,67675.9,67676.0,1.314,12.468,67675.95,0.10000000000582077
1729517987973,67675.9,67676.0,7.336,5.407,67675.95,0.10000000000582077
1729517989033,67675.9,67676.0,7.225,5.375,67675.95,0.10000000000582077
1729517990093,67675.9,67676.0,5.7299999999999995,10.193,67675.95,0.10000000000582077
1729517991150,67675.9,67676.0,6.874,8.639,67675.95,0.10000000000582077
1729517992214,67678.0,67678.1,15.174,4.593999999999999,67678.05,0.10000000000582077
1729517993273,67678.0,67678.1,4.718,11.33,67678.05,0.10000000000582077
1729517994333,67678.0,67678.1,7.177,9.17,67678.05,0.10000000000582077
1729517995391,67675.9,67676.0,1.13,38.168,67675.95,0.10000000000582077
1729517996451,67675.2,67675.3,0.416,37.979,67675.25,0.10000000000582077
1729517997510,67669.1,67669.2,13.478,8.965,67669.15,0.09999999999126885
1729517998572,67669.1,67669.2,14.028,7.543,67669.15,0.09999999999126885
1729517999633,67669.1,67669.2,7.173,6.889,67669.15,0.09999999999126885
1729518000691,67669.1,67669.2,6.602,6.992999999999999,67669.15,0.09999999999126885
1729518001750,67669.1,67669.2,8.286,4.6129999999999995,67669.15,0.09999999999126885
1729518002809,67669.1,67669.2,8.179,10.357,67669.15,0.09999999999126885
1729518003868,67669.1,67669.2,12.177,7.596,67669.15,0.09999999999126885
1729518004929,67661.1,67661.2,9.792,13.854000000000001,67661.15,0.09999999999126885
1729518005989,67666.7,67666.8,16.336000000000002,7.617,67666.75,0.10000000000582077
1729518007048,67666.7,67666.8,10.648,10.685,67666.75,0.10000000000582077
1729518008108,67678.0,67678.1,22.909000000000002,8.576,67678.05,0.10000000000582077
1729518009169,67677.9,67678.0,2.888,24.662,67677.95,0.10000000000582077
1729518010229,67677.9,67678.0,9.586,20.989,67677.95,0.10000000000582077
1729518011289,67676.0,67676.1,0.365,41.81,67676.05,0.10000000000582077
1729518012348,67670.1,67670.2,15.2,12.543,67670.15,0.09999999999126885
1729518013408,67670.1,67670.2,15.366,6.6290000000000004,67670.15,0.09999999999126885
1729518014467,67670.1,67670.2,7.263,12.181999999999999,67670.15,0.09999999999126885
1729518015529,67670.0,67670.1,6.222,24.373,67670.05,0.10000000000582077
1729518016588,67685.7,67685.8,28.615,1.768,67685.75,0.10000000000582077
1729518017648,67692.0,67692.1,0.912,11.786,67692.05,0.10000000000582077
1729518018708,67684.6,67684.7,18.215999999999998,8.939,67684.65,0.09999999999126885
1729518019766,67678.5,67679.7,1.192,70.476,67679.1,1.1999999999970896
1729518020827,67677.9,67678.0,51.658,6.514,67677.95,0.10000000000582077
1729518021886,67677.9,67678.0,8.360000000000001,8.275,67677.95,0.10000000000582077
1729518022949,67664.3,67664.4,1.665,14.898,67664.35,0.09999999999126885
1729518024009,67657.0,67657.1,0.976,33.137,67657.05,0.10000000000582077
1729518025070,67653.0,67653.1,84.017,9.983,67653.05,0.10000000000582077
1729518026132,67662.9,67663.0,20.054000000000002,3.59,67662.95,0.10000000000582077
1729518027193,67662.9,67663.0,1.047,9.157,67662.95,0.10000000000582077
1729518028254,67665.5,67665.6,68.92699999999999,0.708,67665.55,0.10000000000582077
1729518029316,67666.0,67666.1,12.285,23.319,67666.05,0.10000000000582077
1729518030376,67661.9,67662.0,1.435,22.202,67661.95,0.10000000000582077
1729518031434,67655.1,67655.2,14.896,9.138,67655.15,0.09999999999126885
1729518032494,67651.4,67651.5,87.09899999999999,11.471,67651.45,0.10000000000582077
1729518033554,67660.9,67661.0,25.136,9.173,67660.95,0.10000000000582077
1729518034611,67674.6,67674.7,44.841,1.077,67674.65,0.09999999999126885
1729518035670,67677.9,67678.0,20.92,1.896,67677.95,0.10000000000582077
1729518036733,67671.7,67671.8,4.811,18.446,67671.75,0.10000000000582077
1729518037792,67662.0,67662.1,10.377,12.472999999999999,67662.05,0.10000000000582077
1729518038852,67661.0,67661.1,5.196,15.882000000000001,67661.05,0.10000000000582077
1729518039912,67660.0,67660.1,2.206,33.604,67660.05,0.10000000000582077
1729518040970,67654.8,67654.9,13.834,5.532,67654.85,0.09999999999126885
1729518042038,67651.3,67651.4,69.874,36.872,67651.35,0.09999999999126885
1729518043097,67650.0,67650.1,155.65,27.047,67650.05,0.10000000000582077
1729518044156,67650.0,67650.1,154.556,8.719,67650.05,0.10000000000582077
1729518045221,67650.0,67650.1,154.19,5.41,67650.05,0.10000000000582077
1729518046279,67647.0,67647.1,89.343,21.753,67647.05,0.10000000000582077
1729518047339,67639.5,67639.6,8.294,10.91,67639.55,0.10000000000582077
1729518048399,67646.4,67646.5,66.193,1.63,67646.45,0.10000000000582077
1729518049458,67649.9,67650.0,7.577,11.189,67649.95,0.10000000000582077
1729518050518,67649.9,67650.0,6.349,10.581000000000001,67649.95,0.10000000000582077
1729518051577,67649.9,67650.0,14.795,9.143,67649.95,0.10000000000582077
1729518052636,67617.0,67617.1,16.438,14.403,67617.05,0.10000000000582077
1729518053699,67611.6,67611.7,11.13,8.869,67611.65,0.09999999999126885
1729518054758,67600.1,67600.2,79.42,24.807,67600.15,0.09999999999126885
1729518055817,67564.6,67600.0,9.533,5.356,67582.3,35.39999999999418
1729518056876,67579.6,67580.1,16.175,4.611,67579.85,0.5
1729518057942,67598.0,67598.1,9.452,6.615,67598.05,0.10000000000582077
1729518059000,67607.4,67607.5,2.726,12.617,67607.45,0.10000000000582077
1729518060062,67606.6,67606.7,29.746000000000002,5.952999999999999,67606.65,0.09999999999126885
1729518061122,67606.6,67606.7,19.83,5.912999999999999,67606.65,0.09999999999126885
1729518062182,67617.9,67618.0,12.654,6.373,67617.95,0.10000000000582077
1729518063242,67607.5,67607.6,11.179,4.693,67607.55,0.10000000000582077
1729518064304,67602.9,67603.0,9.879999999999999,9.189,67602.95,0.10000000000582077
1729518065363,67614.8,67614.9,2.693,19.302,67614.85,0.09999999999126885
1729518066428,67608.2,67614.8,15.616999999999999,9.108,67611.5,6.600000000005821
1729518067488,67614.0,67614.1,18.76,4.418,67614.05,0.10000000000582077
1729518068548,67612.0,67612.1,8.023,15.553,67612.05,0.10000000000582077
1729518069608,67608.2,67608.3,3.817,17.151,67608.25,0.10000000000582077
1729518070671,67595.3,67595.4,9.323,2.822,67595.35,0.09999999999126885
1729518071731,67602.5,67602.6,8.073,10.565,67602.55,0.10000000000582077
1729518072791,67595.4,67595.5,8.785,7.813000000000001,67595.45,0.10000000000582077
1729518073852,67589.0,67589.1,1.178,12.158,67589.05,0.10000000000582077
1729518074923,67585.0,67585.1,8.794,1.586,67585.05,0.10000000000582077
1729518075982,67580.0,67580.1,3.197,16.803,67580.05,0.10000000000582077
1729518077042,67558.9,67559.0,16.611,2.541,67558.95,0.10000000000582077
1729518078101,67544.9,67545.9,90.69,5.031000000000001,67545.4,1.0
1729518079162,67525.1,67525.2,20.636,9.107,67525.15,0.09999999999126885
1729518080222,67526.1,67526.2,11.673,7.460999999999999,67526.15,0.09999999999126885
1729518081281,67520.4,67520.5,17.202,10.222999999999999,67520.45,0.10000000000582077
1729518082340,67523.5,67523.6,18.377,6.184,67523.55,0.10000000000582077
1729518083398,67547.7,67547.8,8.653,6.947,67547.75,0.10000000000582077
1729518084458,67543.8,67543.9,84.438,1.2269999999999999,67543.85,0.09999999999126885
1729518085517,67543.8,67543.9,8.038,9.134,67543.85,0.09999999999126885
1729518086576,67538.5,67538.6,5.473999999999999,6.0120000000000005,67538.55,0.10000000000582077
1729518087634,67530.8,67530.9,6.779,6.17,67530.85,0.09999999999126885
1729518088693,67554.9,67555.0,14.403,9.790000000000001,67554.95,0.10000000000582077
1729518089754,67554.7,67554.8,10.289,12.486,67554.75,0.10000000000582077
1729518090813,67506.5,67516.9,3.489,8.342,67511.7,10.39999999999418
1729518091873,67520.5,67520.6,5.922,6.784000000000001,67520.55,0.10000000000582077
1729518092932,67523.0,67523.1,6.0809999999999995,64.843,67523.05,0.10000000000582077
1729518093991,67518.8,67518.9,12.743,5.439,67518.85,0.09999999999126885
1729518095052,67501.6,67501.7,64.972,7.638,67501.65,0.09999999999126885
1729518096112,67513.7,67513.8,16.677,4.979,67513.75,0.10000000000582077
1729518097170,67517.1,67517.2,74.71900000000001,1.4609999999999999,67517.15,0.09999999999126885
1729518098231,67536.9,67537.0,6.539000000000001,2.5980000000000003,67536.95,0.10000000000582077
1729518099292,67524.8,67524.9,16.183,8.844,67524.85,0.09999999999126885
1729518100352,67528.6,67528.7,5.853,5.085,67528.65,0.09999999999126885
1729518101411,67524.0,67524.1,4.5809999999999995,19.962,67524.05,0.10000000000582077
1729518102471,67530.0,67530.1,4.098,8.543000000000001,67530.05,0.10000000000582077
1729518103531,67528.7,67528.8,10.494,7.885,67528.75,0.10000000000582077
1729518104592,67525.3,67525.4,7.454,10.426,67525.35,0.09999999999126885
1729518105652,67534.6,67534.7,12.217,1.803,67534.65,0.09999999999126885
1729518106710,67548.6,67548.7,44.484,5.128,67548.65,0.09999999999126885
1729518107771,67547.2,67547.3,6.247,3.965,67547.25,0.10000000000582077
1729518108831,67548.7,67548.8,3.049,8.082,67548.75,0.10000000000582077
1729518109891,67568.0,67568.1,10.89,5.049,67568.05,0.10000000000582077
1729518110950,67579.1,67579.2,8.757,4.612,67579.15,0.09999999999126885
1729518112009,67581.8,67581.9,3.312,11.345,67581.85,0.09999999999126885
1729518113070,67566.1,67569.5,0.992,74.43900000000001,67567.8,3.3999999999941792
1729518114130,67558.3,67558.4,15.122,8.823,67558.35,0.09999999999126885
1729518115191,67558.3,67558.4,10.943999999999999,2.162,67558.35,0.09999999999126885
1729518116253,67542.8,67542.9,10.076,6.809,67542.85,0.09999999999126885
1729518117315,67555.8,67555.9,6.502000000000001,8.854,67555.85,0.09999999999126885
1729518118374,67555.8,67555.9,3.761,12.821,67555.85,0.09999999999126885
1729518119434,67546.6,67546.7,9.909,9.772,67546.65,0.09999999999126885
1729518120495,67560.1,67560.2,17.873,2.44,67560.15,0.09999999999126885
1729518121559,67560.5,67560.6,1.313,9.012,67560.55,0.10000000000582077
1729518122620,67570.0,67570.1,76.66600000000001,3.254,67570.05,0.10000000000582077
1729518123681,67575.8,67575.9,5.716,8.806000000000001,67575.85,0.09999999999126885
1729518124743,67575.8,67575.9,5.84,4.097,67575.85,0.09999999999126885
1729518125801,67579.1,67579.2,10.667,3.15,67579.15,0.09999999999126885
1729518126866,67581.7,67581.8,10.623999999999999,6.5809999999999995,67581.75,0.10000000000582077
1729518127928,67586.3,67586.4,6.58,6.724,67586.35,0.09999999999126885
1729518128987,67586.3,67586.4,6.001,7.6450000000000005,67586.35,0.09999999999126885
1729518130046,67597.3,67597.4,10.446,4.996,67597.35,0.09999999999126885
1729518131106,67609.4,67609.5,9.447000000000001,2.648,67609.45,0.10000000000582077
1729518132166,67628.5,67628.6,3.647,8.812,67628.55,0.10000000000582077
1729518133225,67595.7,67596.1,0.693,50.358,67595.9,0.40000000000873115
1729518134285,67590.9,67591.0,8.458,14.546000000000001,67590.95,0.10000000000582077
1729518135345,67586.4,67586.5,4.715,4.633,67586.45,0.10000000000582077
1729518136403,67574.7,67574.8,3.88,19.543,67574.75,0.10000000000582077
1729518137463,67570.0,67570.1,6.757,9.689,67570.05,0.10000000000582077
1729518138523,67561.1,67561.2,5.603,11.7,67561.15,0.09999999999126885
1729518139583,67569.9,67570.0,7.1739999999999995,5.432,67569.95,0.10000000000582077
1729518140643,67569.9,67570.0,3.095,6.793,67569.95,0.10000000000582077
1729518141701,67563.5,67563.6,2.276,19.284,67563.55,0.10000000000582077
1729518142761,67563.5,67563.6,7.519,1.239,67563.55,0.10000000000582077
1729518143820,67527.7,67528.6,6.362,3.3080000000000003,67528.15,0.9000000000087311
1729518144880,67524.1,67524.2,4.933,15.782,67524.15,0.09999999999126885
1729518145938,67538.7,67538.8,12.108,8.434,67538.75,0.10000000000582077
1729518146996,67545.8,67545.9,59.28,1.3539999999999999,67545.85,0.09999999999126885
1729518148055,67527.4,67527.5,1.284,25.607,67527.45,0.10000000000582077
1729518149116,67517.1,67517.2,3.761,10.318000000000001,67517.15,0.09999999999126885
1729518150174,67509.5,67509.6,11.188,2.7279999999999998,67509.55,0.10000000000582077
1729518151233,67509.5,67509.6,10.696,0.276,67509.55,0.10000000000582077
1729518152295,67533.2,67533.3,6.313000000000001,8.911,67533.25,0.10000000000582077
1729518153355,67533.2,67533.3,2.88,6.701,67533.25,0.10000000000582077
1729518154414,67527.8,67527.9,6.5600000000000005,2.602,67527.85,0.09999999999126885
1729518155473,67535.0,67535.1,9.165000000000001,0.38,67535.05,0.10000000000582077
1729518156533,67537.9,67538.0,3.936,20.986,67537.95,0.10000000000582077
1729518157596,67530.0,67530.1,2.666,9.649,67530.05,0.10000000000582077
1729518158655,67510.5,67510.6,26.64,0.883,67510.55,0.10000000000582077
1729518159715,67520.7,67520.8,14.939,1.038,67520.75,0.10000000000582077
1729518160773,67540.5,67540.6,10.181,1.861,67540.55,0.10000000000582077
1729518161832,67566.8,67566.9,5.6049999999999995,3.437,67566.85,0.09999999999126885
1729518162893,67570.2,67570.3,3.546,5.719,67570.25,0.10000000000582077
1729518163952,67570.2,67570.3,4.398,3.629,67570.25,0.10000000000582077
1729518165012,67586.6,67586.9,15.796000000000001,1.1179999999999999,67586.75,0.29999999998835847
1729518166071,67574.0,67574.1,3.721,16.616,67574.05,0.10000000000582077
1729518167130,67564.7,67564.8,4.027,21.898,67564.75,0.10000000000582077
1729518168189,67551.9,67552.0,1.136,16.343,67551.95,0.10000000000582077
1729518169249,67551.9,67552.0,0.833,10.641,67551.95,0.10000000000582077
1729518170308,67535.9,67536.0,6.234,23.218,67535.95,0.10000000000582077
1729518171369,67545.0,67545.1,11.772,5.469,67545.05,0.10000000000582077
1729518172427,67549.7,67549.8,4.1370000000000005,13.977,67549.75,0.10000000000582077
1729518173489,67522.2,67522.3,4.735,81.544,67522.25,0.10000000000582077
1729518174549,67520.7,67520.8,6.851,11.038,67520.75,0.10000000000582077
1729518175609,67526.4,67526.5,3.4699999999999998,18.34,67526.45,0.10000000000582077
1729518176669,67508.8,67508.9,9.815999999999999,6.944,67508.85,0.09999999999126885
1729518177730,67522.4,67522.5,14.029,3.2230000000000003,67522.45,0.10000000000582077
1729518178791,67521.1,67521.2,5.301,6.455,67521.15,0.09999999999126885
1729518179851,67506.8,67506.9,5.562,10.318999999999999,67506.85,0.09999999999126885
1729518180912,67505.0,67505.1,7.471,2.596,67505.05,0.10000000000582077
1729518181972,67508.5,67508.6,23.570999999999998,1.31,67508.55,0.10000000000582077
1729518183031,67510.0,67510.1,5.608,32.514,67510.05,0.10000000000582077
1729518184091,67509.5,67509.6,10.955,8.384,67509.55,0.10000000000582077
1729518185150,67513.6,67513.7,3.3619999999999997,15.892,67513.65,0.09999999999126885
1729518186210,67510.0,67510.1,12.001999999999999,12.374,67510.05,0.10000000000582077
1729518187270,67512.9,67513.0,2.811,20.008,67512.95,0.10000000000582077
1729518188329,67480.0,67483.5,8.833,41.916000000000004,67481.75,3.5
1729518189388,67435.9,67436.0,30.144000000000002,16.743,67435.95,0.10000000000582077
1729518190447,67440.8,67440.9,8.38,11.387,67440.85,0.09999999999126885
1729518191506,67457.2,67457.3,5.48,5.757,67457.25,0.10000000000582077
1729518192565,67465.6,67465.7,1.361,19.261,67465.65,0.09999999999126885
1729518193625,67461.3,67461.4,77.632,2.463,67461.35,0.09999999999126885
1729518194684,67471.1,67471.2,13.998,0.273,67471.15,0.09999999999126885
1729518195743,67476.1,67476.2,10.479000000000001,3.862,67476.15,0.09999999999126885
1729518196803,67480.7,67480.8,0.257,43.061,67480.75,0.10000000000582077
1729518197862,67476.7,67476.8,31.142,1.191,67476.75,0.10000000000582077
1729518198921,67468.0,67468.2,0.576,64.292,67468.1,0.19999999999708962
1729518199981,67459.2,67459.3,5.446,9.17,67459.25,0.10000000000582077
1729518201040,67462.3,67462.4,11.652999999999999,4.013,67462.35,0.09999999999126885
1729518202099,67472.5,67472.7,32.945,1.065,67472.6,0.19999999999708962
1729518203158,67480.0,67480.1,18.362,2.899,67480.05,0.10000000000582077
1729518204216,67469.0,67469.1,8.709,1.288,67469.05,0.10000000000582077
1729518205276,67475.2,67475.3,5.319999999999999,8.744,67475.25,0.10000000000582077
1729518206335,67468.9,67469.0,1.427,9.483,67468.95,0.10000000000582077
1729518207394,67480.0,67480.1,17.828,1.131,67480.05,0.10000000000582077
1729518208453,67483.7,67483.8,0.966,16.044,67483.75,0.10000000000582077
1729518209513,67480.0,67480.1,8.92,4.178,67480.05,0.10000000000582077
1729518210573,67479.8,67479.9,31.622,2.5389999999999997,67479.85,0.09999999999126885
1729518211632,67476.0,67476.1,3.9909999999999997,6.889,67476.05,0.10000000000582077
1729518212692,67497.7,67497.8,1.097,59.619,67497.75,0.10000000000582077
1729518213751,67495.6,67495.7,4.431,22.214,67495.65,0.09999999999126885
1729518214811,67492.0,67492.1,86.317,13.822,67492.05,0.10000000000582077
1729518215875,67490.0,67490.1,83.479,3.208,67490.05,0.10000000000582077
1729518216937,67492.8,67492.9,87.603,7.334,67492.85,0.09999999999126885
1729518217997,67492.8,67492.9,86.727,7.176,67492.85,0.09999999999126885
1729518219056,67490.0,67490.1,83.491,7.3580000000000005,67490.05,0.10000000000582077
1729518220115,67495.2,67495.3,14.815,12.67,67495.25,0.10000000000582077
1729518221174,67504.9,67505.0,8.359,108.605,67504.95,0.10000000000582077
1729518222234,67501.0,67501.1,3.617,15.252,67501.05,0.10000000000582077
1729518223293,67504.9,67505.0,3.3369999999999997,102.982,67504.95,0.10000000000582077
1729518224353,67504.9,67505.0,11.622,93.075,67504.95,0.10000000000582077
1729518225413,67504.9,67505.0,5.044,90.623,67504.95,0.10000000000582077
1729518226472,67504.9,67505.0,10.183,88.67099999999999,67504.95,0.10000000000582077
1729518227531,67504.9,67505.0,11.612,87.582,67504.95,0.10000000000582077
1729518228589,67524.4,67524.5,11.616,6.281,67524.45,0.10000000000582077
1729518229648,67508.7,67508.8,16.813,5.612,67508.75,0.10000000000582077
1729518230706,67508.7,67508.8,15.472,7.6659999999999995,67508.75,0.10000000000582077
1729518231767,67491.4,67491.5,93.114,4.188,67491.45,0.10000000000582077
1729518232825,67502.9,67503.0,17.988999999999997,8.93,67502.95,0.10000000000582077
1729518233885,67500.1,67500.2,8.039,7.64,67500.15,0.09999999999126885
1729518234945,67497.0,67497.1,1.478,12.056,67497.05,0.10000000000582077
1729518236012,67490.0,67490.1,83.878,24.039,67490.05,0.10000000000582077
1729518237072,67490.0,67490.1,84.269,2.368,67490.05,0.10000000000582077
1729518238130,67490.7,67490.8,84.266,8.443999999999999,67490.75,0.10000000000582077
1729518239189,67490.7,67490.8,87.322,9.061,67490.75,0.10000000000582077
1729518240249,67490.0,67490.1,78.891,22.777,67490.05,0.10000000000582077
1729518241309,67490.0,67490.1,77.521,20.023,67490.05,0.10000000000582077
1729518242368,67490.0,67490.1,77.351,16.068,67490.05,0.10000000000582077
1729518243427,67490.0,67490.1,78.289,3.266,67490.05,0.10000000000582077
1729518244486,67494.0,67494.1,79.254,19.176000000000002,67494.05,0.10000000000582077
1729518245544,67506.7,67506.8,37.878,4.555,67506.75,0.10000000000582077
1729518246603,67506.7,67506.8,10.878,2.098,67506.75,0.10000000000582077
1729518247663,67520.0,67520.1,11.407,1.125,67520.05,0.10000000000582077
1729518248722,67515.5,67515.6,13.353,0.719,67515.55,0.10000000000582077
1729518249782,67523.9,67524.0,7.212,7.14,67523.95,0.10000000000582077
1729518250843,67532.4,67532.5,3.491,10.557,67532.45,0.10000000000582077
1729518251902,67533.1,67533.2,9.823,4.215,67533.15,0.09999999999126885
1729518252960,67539.9,67540.0,12.437000000000001,7.513999999999999,67539.95,0.10000000000582077
1729518254021,67547.6,67547.7,9.267,2.7399999999999998,67547.65,0.09999999999126885
1729518255080,67560.0,67560.1,17.974999999999998,0.981,67560.05,0.10000000000582077
1729518256140,67573.8,67573.9,19.956000000000003,0.851,67573.85,0.09999999999126885
1729518257200,67577.7,67577.8,1.306,20.107,67577.75,0.10000000000582077
1729518258258,67567.5,67567.6,6.4639999999999995,8.271,67567.55,0.10000000000582077
1729518259316,67575.0,67575.1,8.318,9.94,67575.05,0.10000000000582077
1729518260378,67581.7,67581.8,8.036999999999999,1.712,67581.75,0.10000000000582077
1729518261438,67581.7,67581.8,6.167,15.639,67581.75,0.10000000000582077
1729518262499,67581.7,67581.8,9.66,6.046,67581.75,0.10000000000582077
1729518263560,67577.0,67577.1,0.631,59.16,67577.05,0.10000000000582077
1729518264620,67575.8,67575.9,7.076,6.417000000000001,67575.85,0.09999999999126885
1729518265681,67581.7,67581.8,26.659000000000002,7.287999999999999,67581.75,0.10000000000582077
1729518266743,67582.4,67582.5,7.736,6.495,67582.45,0.10000000000582077
1729518267803,67591.2,67591.3,10.277,1.054,67591.25,0.10000000000582077
1729518268862,67594.5,67594.6,7.843999999999999,10.247,67594.55,0.10000000000582077
1729518269922,67590.5,67590.6,82.678,0.309,67590.55,0.10000000000582077
1729518270981,67593.6,67593.7,6.991,14.876,67593.65,0.09999999999126885
1729518272040,67593.6,67593.7,3.5420000000000003,11.572000000000001,67593.65,0.09999999999126885
1729518273099,67591.4,67591.5,10.975,0.9129999999999999,67591.45,0.10000000000582077
1729518274159,67607.1,67607.2,8.276,4.49,67607.15,0.09999999999126885
1729518275218,67626.8,67626.9,15.889999999999999,7.473,67626.85,0.09999999999126885
1729518276277,67620.4,67620.5,3.9899999999999998,18.7,67620.45,0.10000000000582077
1729518277335,67634.9,67635.0,12.530000000000001,9.684,67634.95,0.10000000000582077
1729518278394,67638.8,67638.9,9.882,33.278999999999996,67638.85,0.09999999999126885
1729518279454,67639.9,67640.0,7.758,18.19,67639.95,0.10000000000582077
1729518280513,67649.7,67649.8,6.688,9.429,67649.75,0.10000000000582077
1729518281572,67617.6,67617.7,0.642,8.525,67617.65,0.09999999999126885
1729518282633,67608.1,67608.2,8.804,3.802,67608.15,0.09999999999126885
1729518283693,67608.1,67608.2,8.094,2.526,67608.15,0.09999999999126885
1729518284754,67612.1,67612.2,15.744,8.716,67612.15,0.09999999999126885
1729518285812,67584.2,67584.3,3.9299999999999997,5.7620000000000005,67584.25,0.10000000000582077
1729518286871,67575.9,67576.0,8.353,9.129,67575.95,0.10000000000582077
1729518287931,67570.3,67570.4,0.9830000000000001,21.079,67570.35,0.09999999999126885
1729518288991,67565.9,67566.0,11.336,3.028,67565.95,0.10000000000582077
1729518290050,67572.9,67573.0,2.86,8.888,67572.95,0.10000000000582077
1729518291109,67556.8,67556.9,3.287,15.264,67556.85,0.09999999999126885
1729518292172,67561.5,67561.6,7.4030000000000005,6.391,67561.55,0.10000000000582077
1729518293230,67560.0,67560.1,12.203999999999999,4.949999999999999,67560.05,0.10000000000582077
1729518294289,67570.4,67570.5,8.008,7.332,67570.45,0.10000000000582077
1729518295348,67563.5,67563.6,9.203999999999999,14.125,67563.55,0.10000000000582077
1729518296407,67558.2,67558.3,7.992,18.804,67558.25,0.10000000000582077
1729518297466,67558.2,67558.3,7.056,9.316,67558.25,0.10000000000582077
1729518298526,67561.7,67561.8,10.876,7.627,67561.75,0.10000000000582077
1729518299586,67558.3,67558.4,4.333,34.848,67558.35,0.09999999999126885
1729518300646,67558.4,67560.5,10.625,1.301,67559.45,2.1000000000058208
1729518301707,67570.2,67570.3,7.0089999999999995,11.333,67570.25,0.10000000000582077
1729518302768,67570.3,67570.4,13.837,1.349,67570.35,0.09999999999126885
1729518303828,67577.4,67577.5,9.133,3.972,67577.45,0.10000000000582077
1729518304889,67577.4,67577.5,3.078,20.762,67577.45,0.10000000000582077
1729518305949,67577.4,67577.5,4.936,6.283,67577.45,0.10000000000582077
1729518307008,67576.2,67576.3,5.143,17.694,67576.25,0.10000000000582077
1729518308069,67582.4,67582.5,13.487,6.168,67582.45,0.10000000000582077
1729518309129,67577.6,67577.7,11.229000000000001,0.606,67577.65,0.09999999999126885
1729518310189,67602.8,67602.9,33.32,1.2269999999999999,67602.85,0.09999999999126885
1729518311250,67580.2,67580.3,3.42,6.148,67580.25,0.10000000000582077
1729518312309,67584.3,67584.4,21.902,0.905,67584.35,0.09999999999126885
1729518313369,67589.9,67590.0,103.54,3.298,67589.95,0.10000000000582077
1729518314427,67598.8,67598.9,10.006,6.077,67598.85,0.09999999999126885
1729518315487,67587.8,67587.9,16.59,3.1189999999999998,67587.85,0.09999999999126885
1729518316546,67584.2,67584.3,0.883,23.296,67584.25,0.10000000000582077
1729518317606,67580.9,67581.0,3.324,10.287,67580.95,0.10000000000582077
1729518318665,67580.9,67581.0,8.435,0.634,67580.95,0.10000000000582077
1729518319725,67581.1,67581.2,11.39,21.238,67581.15,0.09999999999126885
1729518320782,67590.9,67591.0,14.871,1.419,67590.95,0.10000000000582077
1729518321847,67598.3,67598.4,4.6290000000000004,6.081,67598.35,0.09999999999126885
1729518322906,67618.9,67619.0,1.597,11.270999999999999,67618.95,0.10000000000582077
1729518323966,67629.6,67629.7,10.187999999999999,22.383,67629.65,0.09999999999126885
1729518325025,67632.9,67633.0,12.629999999999999,7.492,67632.95,0.10000000000582077
1729518326083,67609.5,67609.6,16.259999999999998,3.8890000000000002,67609.55,0.10000000000582077
1729518327142,67609.4,67609.5,5.356,18.527,67609.45,0.10000000000582077
1729518328203,67606.5,67606.6,6.793,3.588,67606.55,0.10000000000582077
1729518329262,67629.5,67629.6,1.087,25.516000000000002,67629.55,0.10000000000582077
1729518330322,67627.0,67627.1,54.053,18.463,67627.05,0.10000000000582077
1729518331382,67629.9,67630.0,16.568,10.868,67629.95,0.10000000000582077
1729518332442,67636.5,67636.6,9.547,5.601,67636.55,0.10000000000582077
1729518333501,67606.5,67606.6,0.974,14.98,67606.55,0.10000000000582077
1729518334565,67597.0,67597.1,10.019,4.971,67597.05,0.10000000000582077
1729518335625,67624.3,67624.4,5.082,9.55,67624.35,0.09999999999126885
1729518336684,67627.7,67627.8,1.454,21.76,67627.75,0.10000000000582077
1729518337743,67628.4,67628.5,5.789,11.078999999999999,67628.45,0.10000000000582077
1729518338803,67628.1,67628.2,1.8559999999999999,29.409,67628.15,0.09999999999126885
1729518339863,67624.5,67624.6,1.759,13.940999999999999,67624.55,0.10000000000582077
1729518340923,67605.6,67605.7,0.503,77.788,67605.65,0.09999999999126885
1729518341982,67591.0,67591.1,6.205,7.122999999999999,67591.05,0.10000000000582077
1729518343041,67591.0,67591.1,5.703,5.389,67591.05,0.10000000000582077
1729518344099,67558.0,67558.1,4.592,33.917,67558.05,0.10000000000582077
1729518345159,67560.6,67560.7,22.329,3.83,67560.65,0.09999999999126885
1729518346217,67586.7,67586.8,1.199,36.541,67586.75,0.10000000000582077
1729518347276,67578.2,67578.3,1.877,13.369,67578.25,0.10000000000582077
1729518348335,67562.0,67562.1,6.215,4.139,67562.05,0.10000000000582077
1729518349396,67562.0,67562.1,7.505,2.072,67562.05,0.10000000000582077
1729518350454,67582.0,67582.1,5.797,6.516,67582.05,0.10000000000582077
1729518351513,67574.2,67574.3,6.13,8.328,67574.25,0.10000000000582077
1729518352572,67574.2,67574.3,3.438,6.109999999999999,67574.25,0.10000000000582077
1729518353631,67563.5,67563.6,6.7090000000000005,15.776,67563.55,0.10000000000582077
1729518354692,67563.5,67563.6,8.169,2.9779999999999998,67563.55,0.10000000000582077
1729518355753,67563.3,67563.4,4.017,5.759,67563.35,0.09999999999126885
1729518356813,67563.3,67563.4,2.989,8.524,67563.35,0.09999999999126885
1729518357872,67560.3,67560.4,8.758,11.677999999999999,67560.35,0.09999999999126885
1729518358932,67552.2,67552.3,5.394,15.854,67552.25,0.10000000000582077
1729518359993,67534.1,67534.2,4.333,14.772,67534.15,0.09999999999126885
1729518361054,67532.5,67532.6,4.54,20.151,67532.55,0.10000000000582077
1729518362118,67538.3,67538.4,6.709,6.582,67538.35,0.09999999999126885
1729518363178,67532.0,67532.1,5.906,12.667000000000002,67532.05,0.10000000000582077
1729518364237,67530.7,67530.8,4.991,12.203,67530.75,0.10000000000582077
1729518365299,67530.7,67530.8,6.297,9.0,67530.75,0.10000000000582077
1729518366359,67530.7,67530.8,7.62,6.696,67530.75,0.10000000000582077
1729518367420,67534.5,67534.6,70.286,1.143,67534.55,0.10000000000582077
1729518368480,67544.7,67544.8,3.843,17.777,67544.75,0.10000000000582077
1729518369540,67556.7,67556.8,5.032,14.475,67556.75,0.10000000000582077
1729518370599,67556.7,67556.8,2.609,12.577,67556.75,0.10000000000582077
1729518371660,67552.0,67552.1,13.789,7.743,67552.05,0.10000000000582077
1729518372719,67544.8,67544.9,7.7490000000000006,5.996,67544.85,0.09999999999126885
1729518373780,67549.8,67549.9,7.7780000000000005,5.184,67549.85,0.09999999999126885
1729518374840,67576.9,67577.0,8.092,4.711,67576.95,0.10000000000582077
1729518375901,67576.9,67577.0,5.368,5.835,67576.95,0.10000000000582077
1729518376962,67576.9,67577.0,4.534,6.882,67576.95,0.10000000000582077
1729518378022,67566.7,67566.8,2.636,20.652,67566.75,0.10000000000582077
1729518379084,67560.1,67560.2,2.1879999999999997,14.08,67560.15,0.09999999999126885
1729518380145,67543.1,67543.2,0.529,29.031,67543.15,0.09999999999126885
1729518381206,67530.7,67530.8,9.085,15.575,67530.75,0.10000000000582077
1729518382265,67533.2,67533.3,10.833,39.591,67533.25,0.10000000000582077
1729518383323,67533.2,67533.3,15.181000000000001,4.963,67533.25,0.10000000000582077
1729518384383,67530.7,67530.8,4.597,33.962,67530.75,0.10000000000582077
1729518385443,67525.9,67526.0,11.613,5.39,67525.95,0.10000000000582077
1729518386503,67521.4,67521.5,1.063,10.540999999999999,67521.45,0.10000000000582077
1729518387563,67520.1,67520.2,9.959999999999999,9.024000000000001,67520.15,0.09999999999126885
1729518388621,67519.8,67519.9,0.9299999999999999,33.747,67519.85,0.09999999999126885
1729518389679,67533.2,67533.3,11.061,12.263,67533.25,0.10000000000582077
1729518390739,67533.2,67533.3,10.368,10.898,67533.25,0.10000000000582077
1729518391799,67523.2,67523.3,2.914,16.088,67523.25,0.10000000000582077
1729518392859,67520.2,67520.3,2.482,22.334999999999997,67520.25,0.10000000000582077
1729518393922,67513.9,67514.0,3.728,15.478,67513.95,0.10000000000582077
1729518394982,67519.5,67519.6,24.619,8.539,67519.55,0.10000000000582077
1729518396043,67520.1,67520.2,21.485000000000003,8.042,67520.15,0.09999999999126885
1729518397102,67522.0,67522.1,24.83,3.5999999999999996,67522.05,0.10000000000582077
1729518398162,67522.0,67522.1,17.083000000000002,4.776,67522.05,0.10000000000582077
1729518399224,67505.4,67505.5,21.797,3.0420000000000003,67505.45,0.10000000000582077
1729518400284,67510.6,67510.7,1.6889999999999998,14.065999999999999,67510.65,0.09999999999126885
1729518401345,67510.6,67510.7,6.283,12.76,67510.65,0.09999999999126885
1729518402405,67510.6,67510.7,5.155,11.973,67510.65,0.09999999999126885
1729518403463,67506.0,67506.1,12.377,13.848,67506.05,0.10000000000582077
1729518404526,67506.0,67506.1,10.592,14.853,67506.05,0.10000000000582077
1729518405586,67516.3,67516.4,6.027,12.077,67516.35,0.09999999999126885
1729518406648,67516.3,67516.4,2.98,11.338,67516.35,0.09999999999126885
1729518407707,67506.0,67506.1,10.863999999999999,9.548,67506.05,0.10000000000582077
1729518408769,67506.0,67506.1,9.389,9.095,67506.05,0.10000000000582077
1729518409829,67506.0,67506.1,10.052999999999999,8.89,67506.05,0.10000000000582077
1729518410890,67509.6,67509.7,45.422000000000004,4.33,67509.65,0.09999999999126885
1729518411953,67506.1,67506.2,10.076,11.04,67506.15,0.09999999999126885
1729518413012,67505.5,67505.6,6.6049999999999995,14.643,67505.55,0.10000000000582077
1729518414074,67500.0,67500.1,89.263,19.033,67500.05,0.10000000000582077
1729518415133,67505.2,67505.3,12.359,1.0290000000000001,67505.25,0.10000000000582077
1729518416194,67505.2,67505.3,14.442,0.906,67505.25,0.10000000000582077
1729518417254,67510.5,67510.6,22.287,8.71,67510.55,0.10000000000582077
1729518418316,67500.5,67500.6,104.4,5.436000000000001,67500.55,0.10000000000582077
1729518419375,67508.6,67508.7,6.181,7.66,67508.65,0.09999999999126885
1729518420434,67508.0,67508.1,0.528,18.838,67508.05,0.10000000000582077
1729518421492,67502.7,67502.8,103.54899999999999,7.253,67502.75,0.10000000000582077
1729518422553,67500.0,67500.1,80.42699999999999,6.782,67500.05,0.10000000000582077
1729518423613,67502.7,67502.8,110.87599999999999,1.277,67502.75,0.10000000000582077
1729518424671,67507.3,67507.4,12.224,1.799,67507.35,0.09999999999126885
1729518425731,67526.0,67526.1,7.109,6.004,67526.05,0.10000000000582077
1729518426790,67525.3,67525.4,2.648,14.797,67525.35,0.09999999999126885
1729518427849,67512.9,67513.0,6.053,10.244,67512.95,0.10000000000582077
1729518428907,67508.0,67508.1,1.516,12.591999999999999,67508.05,0.10000000000582077
1729518429968,67508.0,67508.1,0.787,10.67,67508.05,0.10000000000582077
1729518431028,67507.2,67507.3,8.825,3.155,67507.25,0.10000000000582077
1729518432088,67507.2,67507.3,8.813,5.668,67507.25,0.10000000000582077
1729518433147,67512.8,67512.9,8.593,9.564,67512.85,0.09999999999126885
1729518434207,67529.2,67529.3,5.539,4.408,67529.25,0.10000000000582077
1729518435267,67533.2,67533.3,6.138,6.225,67533.25,0.10000000000582077
1729518436326,67533.2,67533.3,6.9319999999999995,3.803,67533.25,0.10000000000582077
1729518437385,67512.9,67513.0,0.957,17.791999999999998,67512.95,0.10000000000582077
1729518438447,67514.8,67514.9,0.824,13.020999999999999,67514.85,0.09999999999126885
1729518439510,67502.7,67502.8,98.96,6.138,67502.75,0.10000000000582077
1729518440570,67508.8,67508.9,16.539,3.082,67508.85,0.09999999999126885
1729518441628,67513.4,67513.5,7.785,1.096,67513.45,0.10000000000582077
1729518442689,67520.5,67520.6,16.61,0.582,67520.55,0.10000000000582077
1729518443750,67517.2,67517.3,4.914,10.645000000000001,67517.25,0.10000000000582077
1729518444812,67517.2,67517.3,6.14,5.223,67517.25,0.10000000000582077
1729518445872,67500.0,67500.1,79.08,7.744999999999999,67500.05,0.10000000000582077
1729518446933,67500.0,67500.1,74.765,6.300999999999999,67500.05,0.10000000000582077
1729518447994,67511.9,67512.0,6.8,4.761,67511.95,0.10000000000582077
1729518449055,67517.9,67518.0,12.620000000000001,5.260000000000001,67517.95,0.10000000000582077
1729518450116,67517.9,67518.0,5.031,5.186,67517.95,0.10000000000582077
1729518451178,67513.3,67513.4,2.703,21.46,67513.35,0.09999999999126885
1729518452237,67513.3,67513.4,6.77,9.556000000000001,67513.35,0.09999999999126885
1729518453298,67513.3,67513.4,5.313,9.424,67513.35,0.09999999999126885
1729518454362,67517.9,67518.3,22.301,0.24000000000000002,67518.1,0.40000000000873115
1729518455422,67548.1,67548.2,4.184,5.674,67548.15,0.09999999999126885
1729518456489,67551.8,67551.9,9.363999999999999,3.394,67551.85,0.09999999999126885
1729518457550,67551.8,67551.9,8.620000000000001,5.0280000000000005,67551.85,0.09999999999126885
1729518458611,67535.0,67535.1,12.68,9.07,67535.05,0.10000000000582077
1729518459673,67524.0,67524.1,4.148000000000001,18.221,67524.05,0.10000000000582077
1729518460735,67524.0,67524.1,4.872,10.063,67524.05,0.10000000000582077
1729518461795,67524.0,67524.1,0.34099999999999997,7.312,67524.05,0.10000000000582077
1729518462856,67520.0,67520.1,1.415,28.439,67520.05,0.10000000000582077
1729518463916,67513.8,67513.9,3.16,5.5649999999999995,67513.85,0.09999999999126885
1729518464977,67517.7,67517.8,10.598,0.294,67517.75,0.10000000000582077
1729518466037,67513.8,67513.9,1.6600000000000001,7.551,67513.85,0.09999999999126885
1729518467096,67511.9,67512.0,8.277,2.5300000000000002,67511.95,0.10000000000582077
1729518468156,67523.6,67523.7,3.539,5.817,67523.65,0.09999999999126885
1729518469217,67523.1,67523.2,7.269,10.356,67523.15,0.09999999999126885
1729518470275,67524.0,67524.1,8.857000000000001,4.439,67524.05,0.10000000000582077
1729518471335,67524.0,67524.1,9.644,1.793,67524.05,0.10000000000582077
1729518472396,67534.9,67535.0,6.596,1.6789999999999998,67534.95,0.10000000000582077
1729518473454,67539.7,67539.8,8.450000000000001,4.94,67539.75,0.10000000000582077
1729518474512,67545.4,67545.5,2.072,10.903,67545.45,0.10000000000582077
1729518475572,67538.1,67538.2,3.602,8.406,67538.15,0.09999999999126885
1729518476631,67538.1,67538.2,3.324,9.305,67538.15,0.09999999999126885
1729518477690,67540.9,67541.0,12.988,2.945,67540.95,0.10000000000582077
1729518478749,67549.5,67549.6,1.256,31.169,67549.55,0.10000000000582077
1729518479808,67543.2,67543.3,10.705,2.186,67543.25,0.10000000000582077
1729518480867,67543.2,67543.3,8.384,6.334,67543.25,0.10000000000582077
1729518481926,67538.2,67538.3,22.129,3.743,67538.25,0.10000000000582077
1729518482987,67538.2,67538.3,22.506,4.7940000000000005,67538.25,0.10000000000582077
1729518484045,67538.2,67538.3,23.597,4.026,67538.25,0.10000000000582077
1729518485105,67542.6,67542.7,1.9909999999999999,17.02,67542.65,0.09999999999126885
1729518486164,67568.1,67568.2,9.502,3.284,67568.15,0.09999999999126885
1729518487223,67568.1,67568.2,8.346,3.181,67568.15,0.09999999999126885
1729518488282,67568.1,67568.2,8.409,2.246,67568.15,0.09999999999126885
1729518489342,67571.1,67571.2,9.486,5.039,67571.15,0.09999999999126885
1729518490404,67571.1,67571.2,1.866,26.622,67571.15,0.09999999999126885
1729518491468,67566.9,67567.0,5.394,10.021999999999998,67566.95,0.10000000000582077
1729518492531,67563.4,67563.5,5.3999999999999995,12.885,67563.45,0.10000000000582077
1729518493592,67570.2,67570.3,11.665,39.155,67570.25,0.10000000000582077
1729518494651,67570.2,67570.3,14.722,32.21,67570.25,0.10000000000582077
1729518495712,67589.4,67589.5,15.34,0.5,67589.45,0.10000000000582077
1729518496772,67591.9,67592.0,6.505,5.696,67591.95,0.10000000000582077
1729518497832,67591.9,67592.0,7.0200000000000005,3.866,67591.95,0.10000000000582077
1729518498892,67596.6,67596.7,5.668,7.586,67596.65,0.09999999999126885
1729518499951,67587.2,67587.3,1.332,37.778,67587.25,0.10000000000582077
1729518501011,67583.8,67583.9,5.102,8.905,67583.85,0.09999999999126885
1729518502075,67559.9,67560.0,0.642,36.733,67559.95,0.10000000000582077
1729518503137,67559.9,67560.0,4.8020000000000005,3.173,67559.95,0.10000000000582077
1729518504198,67563.7,67563.8,13.407,0.776,67563.75,0.10000000000582077
1729518505259,67575.9,67576.0,8.847,7.848,67575.95,0.10000000000582077
1729518506322,67567.9,67568.0,10.231,23.612,67567.95,0.10000000000582077
1729518507382,67569.5,67569.6,44.637,1.05,67569.55,0.10000000000582077
1729518508444,67583.0,67583.1,7.338,8.204,67583.05,0.10000000000582077
1729518509508,67583.0,67583.1,7.1,3.2,67583.05,0.10000000000582077
1729518510566,67581.8,67581.9,11.854,0.38,67581.85,0.09999999999126885
1729518511625,67599.9,67600.0,17.771,7.17,67599.95,0.10000000000582077
1729518512684,67606.9,67607.0,4.662999999999999,15.553999999999998,67606.95,0.10000000000582077
1729518513743,67617.6,67617.7,6.936,6.3389999999999995,67617.65,0.09999999999126885
1729518514805,67618.2,67618.3,5.061,9.291,67618.25,0.10000000000582077
1729518515863,67622.5,67622.6,1.9900000000000002,23.248,67622.55,0.10000000000582077
1729518516922,67611.3,67611.4,6.135,11.975,67611.35,0.09999999999126885
1729518517980,67617.7,67617.8,7.348,10.393,67617.75,0.10000000000582077
1729518519040,67617.7,67617.8,5.954999999999999,6.911,67617.75,0.10000000000582077
1729518520099,67629.4,67629.5,6.606,5.704,67629.45,0.10000000000582077
1729518521161,67604.3,67604.7,0.453,55.012,67604.5,0.39999999999417923
1729518522219,67579.9,67580.0,0.754,13.498000000000001,67579.95,0.10000000000582077
1729518523279,67573.7,67573.8,10.839,4.251,67573.75,0.10000000000582077
1729518524339,67567.9,67568.0,6.088,7.756,67567.95,0.10000000000582077
1729518525398,67567.9,67568.0,4.028,8.54,67567.95,0.10000000000582077
1729518526457,67572.9,67573.0,7.661,6.019,67572.95,0.10000000000582077
1729518527517,67581.1,67581.2,7.24,3.047,67581.15,0.09999999999126885
1729518528577,67586.2,67586.3,9.999,5.594,67586.25,0.10000000000582077
1729518529636,67588.7,67588.8,12.940000000000001,0.622,67588.75,0.10000000000582077
1729518530694,67597.3,67597.4,6.354,3.198,67597.35,0.09999999999126885
1729518531754,67608.9,67609.1,16.008,6.569999999999999,67609.0,0.20000000001164153
1729518532815,67608.8,67608.9,44.721000000000004,8.376999999999999,67608.85,0.09999999999126885
1729518533875,67614.9,67615.0,13.721,3.809,67614.95,0.10000000000582077
1729518534936,67629.4,67629.5,12.584,7.2059999999999995,67629.45,0.10000000000582077
1729518535996,67629.4,67629.5,10.136,10.229,67629.45,0.10000000000582077
1729518537057,67614.5,67614.8,0.234,32.427,67614.65,0.3000000000029104
1729518538119,67612.9,67613.0,27.009,3.9690000000000003,67612.95,0.10000000000582077
1729518539180,67615.2,67615.3,5.076,7.5969999999999995,67615.25,0.10000000000582077
1729518540241,67621.9,67622.0,17.166,2.6229999999999998,67621.95,0.10000000000582077
1729518541301,67631.8,67631.9,21.439,13.093,67631.85,0.09999999999126885
1729518542367,67630.6,67630.7,2.16,6.373,67630.65,0.09999999999126885
1729518543429,67631.1,67631.2,4.414,14.385,67631.15,0.09999999999126885
1729518544488,67638.5,67638.6,7.366,8.701,67638.55,0.10000000000582077
1729518545549,67638.5,67638.6,4.71,12.353,67638.55,0.10000000000582077
1729518546611,67636.0,67636.1,12.545,13.139000000000001,67636.05,0.10000000000582077
1729518547672,67637.8,67637.9,0.572,26.937,67637.85,0.09999999999126885
1729518548732,67631.1,67631.2,0.8140000000000001,28.323,67631.15,0.09999999999126885
1729518549792,67613.6,67613.7,0.947,31.26,67613.65,0.09999999999126885
1729518550853,67613.6,67613.7,11.350999999999999,1.153,67613.65,0.09999999999126885
1729518551913,67600.0,67600.1,7.822,7.751,67600.05,0.10000000000582077
1729518552973,67605.5,67605.6,8.383000000000001,4.997,67605.55,0.10000000000582077
1729518554033,67605.5,67605.6,8.732999999999999,5.675000000000001,67605.55,0.10000000000582077
1729518555092,67605.5,67605.6,6.742,6.003,67605.55,0.10000000000582077
1729518556151,67600.0,67600.1,7.521,20.742,67600.05,0.10000000000582077
1729518557212,67605.6,67605.7,6.972,7.028,67605.65,0.09999999999126885
1729518558271,67599.3,67599.4,1.48,21.058,67599.35,0.09999999999126885
1729518559330,67599.3,67599.4,14.850999999999999,1.825,67599.35,0.09999999999126885
1729518560391,67604.0,67604.1,7.665,5.147,67604.05,0.10000000000582077
1729518561450,67581.7,67581.8,8.802,5.198,67581.75,0.10000000000582077
1729518562510,67588.0,67588.1,51.265,0.542,67588.05,0.10000000000582077
1729518563570,67590.5,67590.6,11.48,6.993,67590.55,0.10000000000582077
1729518564629,67587.3,67587.4,6.083,14.124,67587.35,0.09999999999126885
1729518565689,67599.3,67599.4,13.478,8.117,67599.35,0.09999999999126885
1729518566749,67599.3,67599.4,1.714,9.067,67599.35,0.09999999999126885
1729518567808,67593.9,67594.0,17.694,0.274,67593.95,0.10000000000582077
1729518568867,67627.9,67628.0,9.245,7.959,67627.95,0.10000000000582077
1729518569927,67627.9,67628.0,6.108,10.421,67627.95,0.10000000000582077
1729518570987,67622.8,67622.9,1.304,78.224,67622.85,0.09999999999126885
1729518572047,67621.0,67621.1,16.886,13.425,67621.05,0.10000000000582077
1729518573108,67609.5,67609.6,1.769,17.335,67609.55,0.10000000000582077
1729518574169,67609.0,67609.1,6.258,6.053,67609.05,0.10000000000582077
1729518575230,67609.0,67609.1,2.332,9.539,67609.05,0.10000000000582077
1729518576291,67609.0,67609.1,5.8149999999999995,9.453000000000001,67609.05,0.10000000000582077
1729518577351,67605.0,67605.1,1.714,19.125,67605.05,0.10000000000582077
1729518578411,67594.0,67594.1,87.333,1.508,67594.05,0.10000000000582077
1729518579472,67603.0,67603.1,6.135,6.345,67603.05,0.10000000000582077
1729518580533,67602.7,67602.8,2.185,10.633,67602.75,0.10000000000582077
1729518581599,67600.0,67600.1,7.773,2.628,67600.05,0.10000000000582077
1729518582659,67599.0,67599.1,4.2090000000000005,9.372,67599.05,0.10000000000582077
1729518583726,67599.0,67599.1,1.207,7.707,67599.05,0.10000000000582077
1729518584785,67599.1,67599.2,5.872,5.891,67599.15,0.09999999999126885
1729518585843,67603.4,67603.5,4.59,8.592,67603.45,0.10000000000582077
1729518586902,67603.4,67603.5,0.91,12.552999999999999,67603.45,0.10000000000582077
1729518587967,67602.3,67602.4,0.8310000000000001,27.183,67602.35,0.09999999999126885
1729518589026,67596.0,67596.1,16.218,10.846,67596.05,0.10000000000582077
1729518590087,67602.2,67602.3,25.168999999999997,5.522,67602.25,0.10000000000582077
1729518591147,67603.9,67604.0,20.308,2.428,67603.95,0.10000000000582077
1729518592208,67604.9,67605.0,0.94,19.512,67604.95,0.10000000000582077
1729518593267,67602.2,67602.3,4.517,22.212,67602.25,0.10000000000582077
1729518594325,67597.3,67597.4,1.768,22.446,67597.35,0.09999999999126885
1729518595386,67588.5,67588.6,6.878,18.502,67588.55,0.10000000000582077
1729518596446,67597.2,67597.3,12.279,2.453,67597.25,0.10000000000582077
1729518597505,67620.9,67621.0,8.471,5.074,67620.95,0.10000000000582077
1729518598564,67620.9,67621.0,14.843,4.704,67620.95,0.10000000000582077
1729518599625,67620.9,67621.0,9.596,5.614,67620.95,0.10000000000582077
1729518600685,67631.2,67631.3,54.32,3.381,67631.25,0.10000000000582077
1729518601744,67630.6,67630.7,0.734,51.565,67630.65,0.09999999999126885
1729518602803,67628.3,67628.4,5.45,10.42,67628.35,0.09999999999126885
1729518603862,67619.1,67619.2,10.389000000000001,0.913,67619.15,0.09999999999126885
1729518604922,67638.5,67638.6,16.773,5.757,67638.55,0.10000000000582077
1729518605983,67638.5,67638.6,8.979,5.745,67638.55,0.10000000000582077
1729518607048,67644.8,67644.9,0.23600000000000002,34.321,67644.85,0.09999999999126885
1729518608107,67630.6,67630.7,11.333,13.797,67630.65,0.09999999999126885
1729518609168,67621.0,67621.1,11.017,2.084,67621.05,0.10000000000582077
1729518610228,67635.8,67635.9,22.806,6.988,67635.85,0.09999999999126885
1729518611287,67639.9,67640.0,5.463,14.706999999999999,67639.95,0.10000000000582077
1729518612349,67626.0,67626.1,3.2479999999999998,25.374,67626.05,0.10000000000582077
1729518613409,67620.5,67620.6,9.871,16.776,67620.55,0.10000000000582077
1729518614472,67601.0,67601.1,15.368,6.681,67601.05,0.10000000000582077
1729518615531,67601.0,67601.1,20.215,3.9850000000000003,67601.05,0.10000000000582077
1729518616590,67604.3,67604.4,24.73,5.364,67604.35,0.09999999999126885
1729518617649,67604.3,67604.4,8.17,5.611000000000001,67604.35,0.09999999999126885
1729518618708,67609.0,67609.1,1.182,11.249,67609.05,0.10000000000582077
1729518619770,67608.9,67609.0,7.214,10.022,67608.95,0.10000000000582077
1729518620831,67606.0,67606.1,1.476,27.618,67606.05,0.10000000000582077
1729518621889,67603.1,67603.2,5.58,21.667,67603.15,0.09999999999126885
1729518622952,67603.1,67603.2,4.79,8.464,67603.15,0.09999999999126885
1729518624011,67603.1,67603.2,7.979,4.936,67603.15,0.09999999999126885
1729518625071,67609.2,67609.3,18.474999999999998,10.132,67609.25,0.10000000000582077
1729518626133,67616.4,67616.5,8.646,4.699,67616.45,0.10000000000582077
1729518627193,67631.8,67631.9,14.197,1.7469999999999999,67631.85,0.09999999999126885
1729518628253,67631.8,67631.9,9.700999999999999,3.8579999999999997,67631.85,0.09999999999126885
1729518629314,67633.3,67633.4,16.055,6.774,67633.35,0.09999999999126885
1729518630374,67639.9,67640.0,16.918,8.123,67639.95,0.10000000000582077
1729518631435,67606.8,67606.9,12.795,4.304,67606.85,0.09999999999126885
1729518632496,67619.4,67619.5,19.839,3.982,67619.45,0.10000000000582077
1729518633556,67614.2,67614.3,10.793000000000001,0.755,67614.25,0.10000000000582077
1729518634619,67618.1,67618.2,17.477,0.636,67618.15,0.09999999999126885
1729518635679,67620.6,67620.7,27.319,19.485,67620.65,0.09999999999126885
1729518636739,67620.0,67620.1,20.785999999999998,11.439,67620.05,0.10000000000582077
1729518637800,67620.0,67620.1,20.759,8.575,67620.05,0.10000000000582077
1729518638859,67622.4,67622.5,33.812,3.808,67622.45,0.10000000000582077
1729518639918,67620.1,67620.2,33.691,7.5729999999999995,67620.15,0.09999999999126885
1729518640978,67606.8,67609.3,1.47,38.958,67608.05,2.5
1729518642038,67603.0,67603.1,8.926,8.309,67603.05,0.10000000000582077
1729518643097,67607.4,67607.5,11.825000000000001,4.912,67607.45,0.10000000000582077
1729518644157,67609.4,67609.5,12.138,1.992,67609.45,0.10000000000582077
1729518645216,67610.8,67610.9,4.695,10.052999999999999,67610.85,0.09999999999126885
1729518646275,67607.5,67607.6,11.153,1.7069999999999999,67607.55,0.10000000000582077
1729518647334,67613.9,67614.0,54.456,1.433,67613.95,0.10000000000582077
1729518648394,67617.9,67618.0,9.068999999999999,3.742,67617.95,0.10000000000582077
1729518649452,67619.8,67619.9,23.165,5.338,67619.85,0.09999999999126885
1729518650511,67607.6,67607.7,2.747,21.708000000000002,67607.65,0.09999999999126885
1729518651571,67600.0,67600.1,10.615,22.32,67600.05,0.10000000000582077
1729518652630,67590.5,67590.6,9.543000000000001,6.592,67590.55,0.10000000000582077
1729518653693,67600.0,67600.1,7.197,22.423,67600.05,0.10000000000582077
1729518654755,67588.6,67588.7,1.538,25.616000000000003,67588.65,0.09999999999126885
1729518655817,67558.8,67558.9,7.925,10.682,67558.85,0.09999999999126885
1729518656878,67567.6,67567.7,8.509,4.968999999999999,67567.65,0.09999999999126885
1729518657938,67567.0,67567.1,0.696,18.362,67567.05,0.10000000000582077
1729518658998,67558.4,67558.5,10.645,8.115,67558.45,0.10000000000582077
1729518660065,67558.4,67558.5,12.84,10.191,67558.45,0.10000000000582077
1729518661132,67569.6,67569.7,48.149,0.63,67569.65,0.09999999999126885
1729518662192,67567.6,67567.7,6.0440000000000005,20.047,67567.65,0.09999999999126885
1729518663252,67567.6,67567.7,7.890000000000001,19.983,67567.65,0.09999999999126885
1729518664312,67567.7,67567.8,5.09,30.244999999999997,67567.75,0.10000000000582077
1729518665372,67567.7,67567.8,4.912,28.867,67567.75,0.10000000000582077
1729518666433,67567.7,67567.8,7.557,12.451,67567.75,0.10000000000582077
1729518667493,67567.6,67567.7,4.561,17.459,67567.65,0.09999999999126885
1729518668552,67566.7,67566.8,1.819,15.959,67566.75,0.10000000000582077
1729518669614,67566.7,67566.8,12.016,5.962,67566.75,0.10000000000582077
1729518670676,67567.6,67567.7,8.48,2.1710000000000003,67567.65,0.09999999999126885
1729518671736,67567.8,67567.9,33.094,5.329,67567.85,0.09999999999126885
1729518672797,67567.8,67567.9,23.536,8.547,67567.85,0.09999999999126885
1729518673859,67567.8,67567.9,20.972,8.661,67567.85,0.09999999999126885
1729518674918,67582.8,67582.9,33.134,0.591,67582.85,0.09999999999126885
1729518675979,67586.3,67586.4,5.577,7.7909999999999995,67586.35,0.09999999999126885
1729518677039,67584.2,67584.3,0.718,28.951,67584.25,0.10000000000582077
1729518678100,67570.0,67570.1,19.107,71.988,67570.05,0.10000000000582077
1729518679161,67570.0,67570.1,8.852,20.994,67570.05,0.10000000000582077
1729518680222,67567.7,67567.8,1.882,18.057,67567.75,0.10000000000582077
1729518681281,67567.2,67567.3,2.322,7.32,67567.25,0.10000000000582077
1729518682341,67570.0,67570.1,33.948,0.617,67570.05,0.10000000000582077
1729518683401,67580.3,67580.4,10.430000000000001,0.855,67580.35,0.09999999999126885
1729518684464,67606.5,67606.6,14.703,1.185,67606.55,0.10000000000582077
1729518685524,67606.5,67606.6,8.169,2.969,67606.55,0.10000000000582077
1729518686585,67596.0,67596.1,5.364,4.976,67596.05,0.10000000000582077
1729518687645,67593.8,67593.9,2.536,20.539,67593.85,0.09999999999126885
1729518688706,67593.8,67593.9,0.198,17.971999999999998,67593.85,0.09999999999126885
1729518689765,67605.5,67605.6,0.986,7.31,67605.55,0.10000000000582077
1729518690826,67605.5,67605.6,5.614999999999999,4.937,67605.55,0.10000000000582077
1729518691890,67607.5,67607.6,26.002,1.718,67607.55,0.10000000000582077
1729518692951,67608.8,67608.9,28.934,3.0069999999999997,67608.85,0.09999999999126885
1729518694010,67608.8,67608.9,28.761,2.204,67608.85,0.09999999999126885
1729518695072,67608.8,67608.9,4.205,12.554,67608.85,0.09999999999126885
1729518696133,67570.7,67570.8,14.715,1.338,67570.75,0.10000000000582077
1729518697192,67579.8,67579.9,5.7059999999999995,5.444,67579.85,0.09999999999126885
1729518698253,67571.0,67571.1,11.200999999999999,3.3049999999999997,67571.05,0.10000000000582077
1729518699314,67566.0,67566.1,2.332,52.452,67566.05,0.10000000000582077
1729518700375,67581.0,67581.1,16.207,1.421,67581.05,0.10000000000582077
1729518701436,67581.0,67581.1,5.274,7.237,67581.05,0.10000000000582077
1729518702499,67581.0,67581.1,1.633,9.346,67581.05,0.10000000000582077
1729518703559,67577.7,67577.8,0.515,16.322,67577.75,0.10000000000582077
1729518704620,67577.7,67577.8,13.167,4.768,67577.75,0.10000000000582077
1729518705680,67586.4,67586.5,8.197000000000001,2.594,67586.45,0.10000000000582077
1729518706740,67581.0,67581.1,3.701,34.894,67581.05,0.10000000000582077
1729518707807,67570.3,67570.4,11.718,0.963,67570.35,0.09999999999126885
1729518708867,67576.0,67576.1,4.398,17.096999999999998,67576.05,0.10000000000582077
1729518709927,67580.3,67580.4,1.83,17.181,67580.35,0.09999999999126885
1729518710990,67576.0,67576.1,1.036,13.619,67576.05,0.10000000000582077
1729518712050,67559.8,67559.9,10.765,11.669,67559.85,0.09999999999126885
1729518713111,67554.4,67554.5,6.339,1.875,67554.45,0.10000000000582077
1729518714179,67559.4,67559.5,15.261999999999999,9.747,67559.45,0.10000000000582077
1729518715241,67566.8,67566.9,7.515,10.045,67566.85,0.09999999999126885
1729518716301,67561.0,67561.2,1.062,105.688,67561.1,0.19999999999708962
1729518717363,67560.1,67560.2,9.767,0.965,67560.15,0.09999999999126885
1729518718422,67560.1,67560.2,10.024999999999999,0.35300000000000004,67560.15,0.09999999999126885
1729518719484,67564.9,67565.0,2.0060000000000002,19.282,67564.95,0.10000000000582077
1729518720544,67538.2,67538.3,5.981,18.148,67538.25,0.10000000000582077
1729518721603,67538.2,67538.3,2.972,11.568,67538.25,0.10000000000582077
1729518722664,67538.2,67538.3,1.018,10.214,67538.25,0.10000000000582077
1729518723724,67533.0,67533.1,6.668,4.867,67533.05,0.10000000000582077
1729518724784,67533.0,67533.1,44.055,4.314,67533.05,0.10000000000582077
1729518725845,67538.1,67538.2,7.162,8.744,67538.15,0.09999999999126885
1729518726905,67538.1,67538.2,1.859,11.192,67538.15,0.09999999999126885
1729518727966,67536.7,67536.8,5.216,14.71,67536.75,0.10000000000582077
1729518729026,67533.4,67533.5,6.651,7.518,67533.45,0.10000000000582077
1729518730085,67533.4,67533.5,8.834999999999999,4.888999999999999,67533.45,0.10000000000582077
1729518731145,67533.4,67533.5,4.566,16.881,67533.45,0.10000000000582077
1729518732206,67521.1,67521.6,2.223,66.382,67521.35,0.5
1729518733264,67513.6,67513.7,7.036,1.274,67513.65,0.09999999999126885
1729518734326,67513.6,67513.7,4.266,6.035,67513.65,0.09999999999126885
1729518735488,67506.6,67506.7,1.903,11.018,67506.65,0.09999999999126885
1729518736547,67501.4,67501.5,47.79,6.523,67501.45,0.10000000000582077
1729518737605,67501.4,67501.5,48.973,6.539999999999999,67501.45,0.10000000000582077
1729518738666,67480.0,67480.1,6.024,22.32,67480.05,0.10000000000582077
1729518739725,67469.2,67469.3,9.949,5.5280000000000005,67469.25,0.10000000000582077
1729518740784,67488.9,67489.0,12.838000000000001,4.593,67488.95,0.10000000000582077
1729518741845,67504.9,67505.0,13.703,7.13,67504.95,0.10000000000582077
1729518742903,67504.5,67504.6,1.5650000000000002,10.267,67504.55,0.10000000000582077
1729518743963,67492.6,67492.7,6.027,3.699,67492.65,0.09999999999126885
1729518745022,67491.7,67491.8,3.9360000000000004,18.472,67491.75,0.10000000000582077
1729518746080,67490.3,67490.4,0.353,17.334,67490.35,0.09999999999126885
1729518747140,67479.8,67479.9,3.2039999999999997,13.491,67479.85,0.09999999999126885
1729518748200,67495.9,67496.0,14.84,3.0860000000000003,67495.95,0.10000000000582077
1729518749258,67495.9,67496.0,10.749,4.318,67495.95,0.10000000000582077
1729518750321,67490.0,67490.1,3.456,9.529,67490.05,0.10000000000582077
1729518751382,67475.2,67475.3,5.78,7.9670000000000005,67475.25,0.10000000000582077
1729518752441,67465.5,67465.6,9.964,7.056,67465.55,0.10000000000582077
1729518753502,67465.3,67465.4,3.698,14.059,67465.35,0.09999999999126885
1729518754562,67462.3,67462.4,10.048,5.263,67462.35,0.09999999999126885
1729518755622,67462.3,67462.4,11.527000000000001,5.603,67462.35,0.09999999999126885
1729518756682,67444.2,67445.4,2.739,6.7700000000000005,67444.79999999999,1.1999999999970896
1729518757743,67435.5,67435.6,1.753,7.178999999999999,67435.55,0.10000000000582077
1729518758803,67432.6,67432.7,16.892,4.866,67432.65,0.09999999999126885
1729518759864,67432.6,67432.7,10.1,7.59,67432.65,0.09999999999126885
1729518760923,67424.0,67424.1,11.397,20.151999999999997,67424.05,0.10000000000582077
1729518761985,67400.0,67400.4,39.9,25.085,67400.2,0.39999999999417923
1729518763045,67371.1,67385.1,16.09,63.571,67378.1,14.0
1729518764105,67382.2,67382.3,18.106,5.031,67382.25,0.10000000000582077
1729518765165,67377.0,67377.1,6.081,8.696,67377.05,0.10000000000582077
1729518766225,67360.8,67360.9,129.911,9.052,67360.85,0.09999999999126885
1729518767286,67350.0,67350.1,15.521,10.815,67350.05,0.10000000000582077
1729518768346,67381.8,67381.9,12.991,6.978,67381.85,0.09999999999126885
1729518769406,67390.9,67391.0,12.958,5.2620000000000005,67390.95,0.10000000000582077
1729518770466,67376.9,67377.0,19.201,3.6229999999999998,67376.95,0.10000000000582077
1729518771527,67381.9,67382.0,13.964,1.986,67381.95,0.10000000000582077
1729518772587,67393.8,67393.9,8.588,21.869999999999997,67393.85,0.09999999999126885
1729518773647,67384.7,67384.8,2.8760000000000003,30.177,67384.75,0.10000000000582077
1729518774706,67389.9,67390.2,65.369,9.891,67390.04999999999,0.3000000000029104
1729518775764,67415.4,67415.5,7.647,7.313,67415.45,0.10000000000582077
1729518776824,67399.8,67399.9,0.521,20.453,67399.85,0.09999999999126885
1729518777986,67397.6,67397.7,6.016,1.9889999999999999,67397.65,0.09999999999126885
1729518779046,67413.4,67413.5,12.594,7.571,67413.45,0.10000000000582077
1729518780107,67379.1,67379.2,16.186,3.314,67379.15,0.09999999999126885
1729518781166,67389.5,67389.6,7.156,7.411,67389.55,0.10000000000582077
1729518782225,67386.1,67386.2,9.62,1.559,67386.15,0.09999999999126885
1729518783284,67394.3,67394.4,10.42,5.882,67394.35,0.09999999999126885
1729518784343,67396.9,67397.0,16.315,1.411,67396.95,0.10000000000582077
1729518785404,67394.7,67394.8,6.382,8.058,67394.75,0.10000000000582077
1729518786466,67396.9,67397.0,12.677999999999999,9.14,67396.95,0.10000000000582077
1729518787526,67393.9,67394.0,6.766,5.011,67393.95,0.10000000000582077
1729518788586,67394.3,67394.4,3.089,13.279,67394.35,0.09999999999126885
1729518789646,67390.1,67390.2,4.747,9.611,67390.15,0.09999999999126885
1729518790705,67390.1,67390.2,3.787,25.0,67390.15,0.09999999999126885
1729518791766,67394.9,67395.0,16.627,6.291,67394.95,0.10000000000582077
1729518792826,67400.5,67400.6,8.776,3.525,67400.55,0.10000000000582077
1729518793887,67393.7,67393.8,3.259,13.378,67393.75,0.10000000000582077
1729518794953,67398.1,67398.2,3.883,14.475999999999999,67398.15,0.09999999999126885
1729518796014,67394.2,67394.3,8.596,7.267,67394.25,0.10000000000582077
1729518797074,67403.9,67404.0,14.681,7.91,67403.95,0.10000000000582077
1729518798139,67410.9,67411.0,11.97,1.919,67410.95,0.10000000000582077
1729518799206,67392.9,67393.0,9.975000000000001,1.6039999999999999,67392.95,0.10000000000582077
1729518800267,67393.2,67393.3,8.451,4.347,67393.25,0.10000000000582077
1729518801327,67393.3,67393.4,1.099,13.987,67393.35,0.09999999999126885
1729518802388,67384.9,67385.0,7.640000000000001,5.555,67384.95,0.10000000000582077
1729518803448,67377.4,67377.5,10.409,1.446,67377.45,0.10000000000582077
1729518804508,67389.9,67390.0,6.756,8.766,67389.95,0.10000000000582077
1729518805568,67397.7,67397.8,10.382,4.242,67397.75,0.10000000000582077
1729518806631,67410.3,67410.4,8.308,13.174,67410.35,0.09999999999126885
1729518807691,67409.0,67409.1,7.505,13.915000000000001,67409.05,0.10000000000582077
1729518808754,67412.9,67413.0,19.306,5.2330000000000005,67412.95,0.10000000000582077
1729518809815,67412.0,67412.1,21.244,5.364,67412.05,0.10000000000582077
1729518810876,67409.0,67409.1,3.126,29.503,67409.05,0.10000000000582077
1729518811935,67408.5,67408.6,5.598,9.484,67408.55,0.10000000000582077
1729518812996,67408.5,67408.6,9.915000000000001,0.728,67408.55,0.10000000000582077
1729518814056,67411.0,67411.1,5.744,8.957,67411.05,0.10000000000582077
1729518815117,67372.0,67372.1,10.898,14.807,67372.05,0.10000000000582077
1729518816176,67367.9,67368.0,2.638,10.433,67367.95,0.10000000000582077
1729518817238,67367.0,67367.1,0.581,42.486,67367.05,0.10000000000582077
1729518818297,67357.8,67357.9,9.407,8.687000000000001,67357.85,0.09999999999126885
1729518819358,67350.0,67350.1,17.936,9.884,67350.05,0.10000000000582077
1729518820422,67352.4,67352.6,101.533,1.162,67352.5,0.20000000001164153
1729518821482,67357.9,67358.0,15.476,5.6,67357.95,0.10000000000582077
1729518822541,67360.6,67360.7,16.178,4.368,67360.65,0.09999999999126885
1729518823600,67369.3,67369.4,9.988000000000001,1.302,67369.35,0.09999999999126885
1729518824659,67377.5,67377.6,10.939,6.404,67377.55,0.10000000000582077
1729518825719,67372.8,67372.9,8.685,10.126999999999999,67372.85,0.09999999999126885
1729518826779,67378.0,67378.1,4.783,53.787,67378.05,0.10000000000582077
1729518827840,67371.3,67371.4,3.979,21.296000000000003,67371.35,0.09999999999126885
1729518828899,67369.9,67370.0,17.906,5.734,67369.95,0.10000000000582077
1729518829959,67360.7,67360.8,7.675,4.441,67360.75,0.10000000000582077
1729518831017,67341.5,67341.6,102.578,1.634,67341.55,0.10000000000582077
1729518832077,67330.0,67330.1,1.9649999999999999,14.837,67330.05,0.10000000000582077
1729518833137,67324.5,67324.6,9.229,10.522,67324.55,0.10000000000582077
1729518834196,67300.7,67303.7,120.792,3.7150000000000003,67302.2,3.0
1729518835256,67334.3,67334.4,19.925,6.622,67334.35,0.09999999999126885
1729518836318,67333.0,67333.1,0.183,25.135,67333.05,0.10000000000582077
1729518837378,67326.1,67326.2,10.196,7.737,67326.15,0.09999999999126885
1729518838440,67332.0,67332.1,13.497000000000002,2.512,67332.05,0.10000000000582077
1729518839501,67324.7,67324.8,7.752999999999999,8.067,67324.75,0.10000000000582077
1729518840566,67316.0,67316.1,2.658,54.631,67316.05,0.10000000000582077
1729518841626,67306.9,67307.0,8.164,7.477,67306.95,0.10000000000582077
1729518842687,67300.0,67300.1,82.787,15.703,67300.05,0.10000000000582077
1729518843748,67310.7,67311.2,85.447,11.982,67310.95,0.5
1729518844810,67320.0,67320.1,15.632000000000001,8.881,67320.05,0.10000000000582077
1729518845871,67325.6,67325.7,13.112,5.885,67325.65,0.09999999999126885
1729518846931,67318.2,67318.3,22.503999999999998,36.424,67318.25,0.10000000000582077
1729518847992,67308.9,67309.0,7.369000000000001,7.261,67308.95,0.10000000000582077
1729518849053,67321.6,67321.7,7.628,7.039000000000001,67321.65,0.09999999999126885
1729518850113,67309.8,67309.9,5.144,18.67,67309.85,0.09999999999126885
1729518851181,67300.2,67300.3,103.602,11.522,67300.25,0.10000000000582077
1729518852240,67288.0,67288.1,2.203,16.761,67288.05,0.10000000000582077
